<?xml version="1.0" encoding="UTF-8"?>
<!DOCTYPE html PUBLIC "-//W3C//DTD XHTML 1.0 Transitional//EN"
    "http://www.w3.org/TR/xhtml1/DTD/xhtml1-transitional.dtd">
<html xmlns="http://www.w3.org/1999/xhtml" xml:lang="en" lang="en">
 <head>
  <title>
</title>
<meta http-equiv="Content-Type" content="text/html;charset=utf-8" />
  <meta name='ocr-system' content='tesseract 3.04.00' />
  <meta name='ocr-capabilities' content='ocr_page ocr_carea ocr_par ocr_line ocrx_word'/>
</head>
<body>
  <div class='ocr_page' id='page_1' title='image "4627205_0014.png"; bbox 0 0 1998 2542; ppageno 0'>
   <div class='ocr_carea' id='block_1_1' title="bbox 122 126 1829 1963">
    <p class='ocr_par' dir='ltr' id='par_1_1' title="bbox 124 126 1826 275">
     <span class='ocr_line' id='line_1_1' title="bbox 124 126 1826 172; baseline -0.006 -4"><span class='ocrx_word' id='word_1_1' title='bbox 124 135 274 168; x_wconf 79' lang='lat' dir='ltr'><strong>eonsules</strong></span> <span class='ocrx_word' id='word_1_2' title='bbox 294 134 393 165; x_wconf 79' lang='lat' dir='ltr'><strong>creati</strong></span> <span class='ocrx_word' id='word_1_3' title='bbox 414 135 536 172; x_wconf 80' lang='lat' dir='ltr'>essent,</span> <span class='ocrx_word' id='word_1_4' title='bbox 558 134 623 162; x_wconf 85' lang='lat' dir='ltr'><strong>tum</strong></span> <span class='ocrx_word' id='word_1_5' title='bbox 642 131 683 163; x_wconf 88' lang='lat' dir='ltr'><strong>de</strong></span> <span class='ocrx_word' id='word_1_6' title='bbox 703 131 787 162; x_wconf 83' lang='lat' dir='ltr'><strong>facta</strong></span> <span class='ocrx_word' id='word_1_7' title='bbox 807 140 827 162; x_wconf 86' lang='lat' dir='ltr'><strong>a</strong></span> <span class='ocrx_word' id='word_1_8' title='bbox 842 129 978 162; x_wconf 80' lang='lat' dir='ltr'><strong>Catilina</strong></span> <span class='ocrx_word' id='word_1_9' title='bbox 998 126 1253 170; x_wconf 53' lang='lat' dir='ltr'><strong>conjuratione)</strong></span> <span class='ocrx_word' id='word_1_10' title='bbox 1272 138 1413 161; x_wconf 85' lang='lat' dir='ltr'><strong>rumores</strong></span> <span class='ocrx_word' id='word_1_11' title='bbox 1427 130 1493 169; x_wconf 75' lang='lat' dir='ltr'><strong>jam</strong></span> <span class='ocrx_word' id='word_1_12' title='bbox 1512 127 1624 170; x_wconf 77' lang='lat' dir='ltr'><strong>spargi</strong></span> <span class='ocrx_word' id='word_1_13' title='bbox 1642 126 1826 167; x_wconf 78' lang='lat' dir='ltr'><strong>coepissent</strong></span> 
     </span>
     <span class='ocr_line' id='line_1_2' title="bbox 125 176 1823 227; baseline -0.005 -11"><span class='ocrx_word' id='word_1_14' title='bbox 125 184 282 227; x_wconf 83' lang='lat' dir='ltr'><strong>(Sallust.</strong></span> <span class='ocrx_word' id='word_1_15' title='bbox 304 183 376 216; x_wconf 85' lang='lat' dir='ltr'><strong>Cat.</strong></span> <span class='ocrx_word' id='word_1_16' title='bbox 398 184 446 214; x_wconf 86' lang='grc'><strong>17.</strong></span> <span class='ocrx_word' id='word_1_17' title='bbox 468 180 535 214; x_wconf 88' lang='lat' dir='ltr'><strong>Cic.</strong></span> <span class='ocrx_word' id='word_1_18' title='bbox 555 192 603 221; x_wconf 92' lang='lat' dir='ltr'><strong>pr.</strong></span> <span class='ocrx_word' id='word_1_19' title='bbox 625 180 717 213; x_wconf 86' lang='lat' dir='ltr'><strong>Sulla</strong></span> <span class='ocrx_word' id='word_1_20' title='bbox 736 183 786 221; x_wconf 79' lang='grc'><strong>29,</strong></span> <span class='ocrx_word' id='word_1_21' title='bbox 807 178 886 222; x_wconf 83' lang='grc'>81),</span> <span class='ocrx_word' id='word_1_22' title='bbox 907 181 1043 222; x_wconf 78' lang='lat' dir='ltr'><strong>intelligi</strong></span> <span class='ocrx_word' id='word_1_23' title='bbox 1064 189 1104 212; x_wconf 84' lang='lat' dir='ltr'><strong>ea</strong></span> <span class='ocrx_word' id='word_1_24' title='bbox 1123 179 1183 211; x_wconf 84' lang='lat' dir='ltr'><strong>hoc</strong></span> <span class='ocrx_word' id='word_1_25' title='bbox 1201 178 1271 210; x_wconf 88' lang='lat' dir='ltr'><strong>loco</strong></span> <span class='ocrx_word' id='word_1_26' title='bbox 1291 189 1354 211; x_wconf 91' lang='lat' dir='ltr'><strong>non</strong></span> <span class='ocrx_word' id='word_1_27' title='bbox 1373 180 1490 219; x_wconf 88' lang='lat' dir='ltr'><strong>potest.</strong></span> <span class='ocrx_word' id='word_1_28' title='bbox 1531 176 1669 210; x_wconf 76' lang='lat' dir='ltr'><strong>Catilina</strong></span> <span class='ocrx_word' id='word_1_29' title='bbox 1689 177 1772 209; x_wconf 84' lang='lat' dir='ltr'><strong>enim</strong></span> <span class='ocrx_word' id='word_1_30' title='bbox 1790 177 1823 216; x_wconf 72' lang='lat' dir='ltr'><strong>ip</strong></span> 
     </span>
     <span class='ocr_line' id='line_1_3' title="bbox 124 228 1025 275; baseline -0.007 -8"><span class='ocrx_word' id='word_1_31' title='bbox 124 235 179 267; x_wconf 75' lang='lat' dir='ltr'><strong>illa</strong></span> <span class='ocrx_word' id='word_1_32' title='bbox 199 234 332 275; x_wconf 85' lang='lat' dir='ltr'><strong>epistola</strong></span> <span class='ocrx_word' id='word_1_33' title='bbox 354 233 537 273; x_wconf 78' lang='lat' dir='ltr'><strong>competitor</strong></span> <span class='ocrx_word' id='word_1_34' title='bbox 557 231 658 264; x_wconf 85' lang='lat' dir='ltr'><strong>adhuc</strong></span> <span class='ocrx_word' id='word_1_35' title='bbox 680 230 842 264; x_wconf 78' lang='lat' dir='ltr'><strong>Ciceronis</strong></span> <span class='ocrx_word' id='word_1_36' title='bbox 863 228 1025 272; x_wconf 81' lang='lat' dir='ltr'><strong>dicitur.²)</strong></span> 
     </span>
    </p>

    <p class='ocr_par' dir='ltr' id='par_1_2' title="bbox 122 278 1825 1137">
     <span class='ocr_line' id='line_1_4' title="bbox 266 278 1822 323; baseline -0.005 -7"><span class='ocrx_word' id='word_1_37' title='bbox 266 285 339 316; x_wconf 78' lang='lat' dir='ltr'><strong>Jam</strong></span> <span class='ocrx_word' id='word_1_38' title='bbox 359 292 435 315; x_wconf 88' lang='lat' dir='ltr'><strong>vero</strong></span> <span class='ocrx_word' id='word_1_39' title='bbox 456 283 485 312; x_wconf 87' lang='lat' dir='ltr'><strong>si</strong></span> <span class='ocrx_word' id='word_1_40' title='bbox 505 282 544 314; x_wconf 90' lang='lat' dir='ltr'><strong>de</strong></span> <span class='ocrx_word' id='word_1_41' title='bbox 565 283 665 313; x_wconf 87' lang='lat' dir='ltr'><strong>altero</strong></span> <span class='ocrx_word' id='word_1_42' title='bbox 687 282 756 323; x_wconf 88' lang='lat' dir='ltr'><strong>illo,</strong></span> <span class='ocrx_word' id='word_1_43' title='bbox 790 281 871 322; x_wconf 84' lang='lat' dir='ltr'><strong>quod</strong></span> <span class='ocrx_word' id='word_1_44' title='bbox 891 281 971 311; x_wconf 87' lang='lat' dir='ltr'><strong>filius</strong></span> <span class='ocrx_word' id='word_1_45' title='bbox 994 279 1156 311; x_wconf 84' lang='lat' dir='ltr'><strong>Ciceronis</strong></span> <span class='ocrx_word' id='word_1_46' title='bbox 1178 278 1321 311; x_wconf 77' lang='lat' dir='ltr'><strong>Caesare</strong></span> <span class='ocrx_word' id='word_1_47' title='bbox 1342 281 1375 310; x_wconf 92' lang='lat' dir='ltr'><strong>et</strong></span> <span class='ocrx_word' id='word_1_48' title='bbox 1394 278 1507 322; x_wconf 80' lang='lat' dir='ltr'><strong>Figulo</strong></span> <span class='ocrx_word' id='word_1_49' title='bbox 1529 278 1709 309; x_wconf 86' lang='lat' dir='ltr'><strong>consulibus</strong></span> <span class='ocrx_word' id='word_1_50' title='bbox 1729 280 1822 309; x_wconf 87' lang='lat' dir='ltr'><strong>natus</strong></span> 
     </span>
     <span class='ocr_line' id='line_1_5' title="bbox 127 329 1821 376; baseline -0.005 -8"><span class='ocrx_word' id='word_1_51' title='bbox 127 346 202 369; x_wconf 88' lang='lat' dir='ltr'><strong>esse</strong></span> <span class='ocrx_word' id='word_1_52' title='bbox 222 336 348 375; x_wconf 89' lang='lat' dir='ltr'><strong>dicitur,</strong></span> <span class='ocrx_word' id='word_1_53' title='bbox 377 336 561 376; x_wconf 86' lang='lat' dir='ltr'><strong>quaeratur,</strong></span> <span class='ocrx_word' id='word_1_54' title='bbox 592 333 685 363; x_wconf 82' lang='lat' dir='ltr'><strong>facile</strong></span> <span class='ocrx_word' id='word_1_55' title='bbox 713 342 753 363; x_wconf 87' lang='lat' dir='ltr'><strong>ea</strong></span> <span class='ocrx_word' id='word_1_56' title='bbox 779 332 901 373; x_wconf 87' lang='lat' dir='ltr'><strong>quidem</strong></span> <span class='ocrx_word' id='word_1_57' title='bbox 929 332 1071 372; x_wconf 79' lang='lat' dir='ltr'><strong>quaestio</strong></span> <span class='ocrx_word' id='word_1_58' title='bbox 1092 331 1251 373; x_wconf 81' lang='lat' dir='ltr'><strong>profligari</strong></span> <span class='ocrx_word' id='word_1_59' title='bbox 1272 332 1397 372; x_wconf 85' lang='lat' dir='ltr'><strong>posset,</strong></span> <span class='ocrx_word' id='word_1_60' title='bbox 1429 330 1457 360; x_wconf 89' lang='lat' dir='ltr'><strong>si</strong></span> <span class='ocrx_word' id='word_1_61' title='bbox 1477 329 1517 360; x_wconf 89' lang='lat' dir='ltr'><strong>de</strong></span> <span class='ocrx_word' id='word_1_62' title='bbox 1538 338 1620 359; x_wconf 87' lang='lat' dir='ltr'><strong>anno</strong></span> <span class='ocrx_word' id='word_1_63' title='bbox 1640 329 1721 360; x_wconf 87' lang='lat' dir='ltr'><strong>satis</strong></span> <span class='ocrx_word' id='word_1_64' title='bbox 1742 338 1821 360; x_wconf 86' lang='lat' dir='ltr'><strong>con-</strong></span> 
     </span>
     <span class='ocr_line' id='line_1_6' title="bbox 127 375 1822 428; baseline -0.004 -10"><span class='ocrx_word' id='word_1_65' title='bbox 127 389 244 428; x_wconf 89' lang='lat' dir='ltr'><strong>staret,</strong></span> <span class='ocrx_word' id='word_1_66' title='bbox 276 375 342 427; x_wconf 26' lang='lat' dir='ltr'><strong>quo*</strong></span> <span class='ocrx_word' id='word_1_67' title='bbox 362 388 441 428; x_wconf 80' lang='lat' dir='ltr'><strong>toga</strong></span> <span class='ocrx_word' id='word_1_68' title='bbox 467 384 535 415; x_wconf 80' lang='lat' dir='ltr'><strong>dari</strong></span> <span class='ocrx_word' id='word_1_69' title='bbox 562 384 660 414; x_wconf 87' lang='lat' dir='ltr'><strong>virilis</strong></span> <span class='ocrx_word' id='word_1_70' title='bbox 688 384 822 415; x_wconf 80' lang='lat' dir='ltr'><strong>solebat.</strong></span> <span class='ocrx_word' id='word_1_71' title='bbox 862 384 974 414; x_wconf 88' lang='lat' dir='ltr'><strong>Pueris</strong></span> <span class='ocrx_word' id='word_1_72' title='bbox 1002 383 1082 414; x_wconf 90' lang='lat' dir='ltr'><strong>enim</strong></span> <span class='ocrx_word' id='word_1_73' title='bbox 1109 382 1293 413; x_wconf 83' lang='lat' dir='ltr'><strong>excessisse</strong></span> <span class='ocrx_word' id='word_1_74' title='bbox 1322 381 1486 413; x_wconf 84' lang='lat' dir='ltr'><strong>Ciceronis</strong></span> <span class='ocrx_word' id='word_1_75' title='bbox 1511 380 1620 421; x_wconf 80' lang='lat' dir='ltr'><strong>silium,</strong></span> <span class='ocrx_word' id='word_1_76' title='bbox 1651 389 1712 420; x_wconf 80' lang='lat' dir='ltr'><strong>quo</strong></span> <span class='ocrx_word' id='word_1_77' title='bbox 1740 389 1822 411; x_wconf 90' lang='lat' dir='ltr'><strong>anno</strong></span> 
     </span>
     <span class='ocr_line' id='line_1_7' title="bbox 130 428 1822 476; baseline -0.004 -6"><span class='ocrx_word' id='word_1_78' title='bbox 130 438 243 470; x_wconf 87' lang='lat' dir='ltr'><strong>bellum</strong></span> <span class='ocrx_word' id='word_1_79' title='bbox 264 440 404 469; x_wconf 87' lang='lat' dir='ltr'><strong>exortum</strong></span> <span class='ocrx_word' id='word_1_80' title='bbox 425 438 476 468; x_wconf 86' lang='lat' dir='ltr'><strong>est</strong></span> <span class='ocrx_word' id='word_1_81' title='bbox 496 436 578 467; x_wconf 88' lang='lat' dir='ltr'><strong>inter</strong></span> <span class='ocrx_word' id='word_1_82' title='bbox 599 434 770 467; x_wconf 82' lang='lat' dir='ltr'><strong>Caesarem</strong></span> <span class='ocrx_word' id='word_1_83' title='bbox 792 438 824 467; x_wconf 90' lang='lat' dir='ltr'><strong>et</strong></span> <span class='ocrx_word' id='word_1_84' title='bbox 844 435 1036 476; x_wconf 86' lang='lat' dir='ltr'><strong>Pompejum,</strong></span> <span class='ocrx_word' id='word_1_85' title='bbox 1068 434 1136 475; x_wconf 88' lang='lat' dir='ltr'><strong>ipse</strong></span> <span class='ocrx_word' id='word_1_86' title='bbox 1158 433 1271 465; x_wconf 88' lang='lat' dir='ltr'><strong>Cicero</strong></span> <span class='ocrx_word' id='word_1_87' title='bbox 1291 433 1385 465; x_wconf 86' lang='lat' dir='ltr'><strong>testis</strong></span> <span class='ocrx_word' id='word_1_88' title='bbox 1406 433 1456 464; x_wconf 90' lang='lat' dir='ltr'><strong>est</strong></span> <span class='ocrx_word' id='word_1_89' title='bbox 1477 428 1539 474; x_wconf 81' lang='lat' dir='ltr'><strong>[ad</strong></span> <span class='ocrx_word' id='word_1_90' title='bbox 1560 432 1626 462; x_wconf 76' lang='lat' dir='ltr'><strong>Att.</strong></span> <span class='ocrx_word' id='word_1_91' title='bbox 1647 432 1713 474; x_wconf 81' lang='lat' dir='ltr'><strong>ix,</strong></span> <span class='ocrx_word' id='word_1_92' title='bbox 1733 434 1771 473; x_wconf 76' lang='lat'><strong>6,</strong></span> <span class='ocrx_word' id='word_1_93' title='bbox 1794 433 1822 463; x_wconf 89' lang='lat'><strong>1.</strong></span> 
     </span>
     <span class='ocr_line' id='line_1_8' title="bbox 130 482 1823 530; baseline -0.004 -9"><span class='ocrx_word' id='word_1_94' title='bbox 130 492 178 530; x_wconf 84' lang='grc'><strong>19,</strong></span> <span class='ocrx_word' id='word_1_95' title='bbox 201 487 252 530; x_wconf 77' lang='lat'><strong>1]-</strong></span> <span class='ocrx_word' id='word_1_96' title='bbox 291 490 363 520; x_wconf 83' lang='lat' dir='ltr'><strong>Jam</strong></span> <span class='ocrx_word' id='word_1_97' title='bbox 384 489 430 528; x_wconf 87' lang='lat' dir='ltr'><strong>si,</strong></span> <span class='ocrx_word' id='word_1_98' title='bbox 452 487 533 528; x_wconf 89' lang='lat' dir='ltr'><strong>quod</strong></span> <span class='ocrx_word' id='word_1_99' title='bbox 554 487 691 528; x_wconf 78' lang='lat' dir='ltr'><strong>Lipsius,</strong></span> <span class='ocrx_word' id='word_1_100' title='bbox 715 487 891 517; x_wconf 86' lang='lat' dir='ltr'><strong>Gronovius</strong></span> <span class='ocrx_word' id='word_1_101' title='bbox 913 488 945 517; x_wconf 91' lang='lat' dir='ltr'><strong>et</strong></span> <span class='ocrx_word' id='word_1_102' title='bbox 964 486 1130 516; x_wconf 87' lang='lat' dir='ltr'><strong>Ernestius</strong></span> <span class='ocrx_word' id='word_1_103' title='bbox 1151 484 1213 528; x_wconf 80' lang='lat' dir='ltr'><strong>(ad</strong></span> <span class='ocrx_word' id='word_1_104' title='bbox 1234 486 1311 516; x_wconf 87' lang='lat' dir='ltr'><strong>Tac.</strong></span> <span class='ocrx_word' id='word_1_105' title='bbox 1334 485 1413 515; x_wconf 80' lang='lat' dir='ltr'><strong>Ann.</strong></span> <span class='ocrx_word' id='word_1_106' title='bbox 1433 483 1516 525; x_wconf 84' lang='lat' dir='ltr'><strong>xn,</strong></span> <span class='ocrx_word' id='word_1_107' title='bbox 1537 482 1599 525; x_wconf 78' lang='lat'><strong>41)</strong></span> <span class='ocrx_word' id='word_1_108' title='bbox 1620 486 1731 514; x_wconf 86' lang='lat' dir='ltr'><strong>contra</strong></span> <span class='ocrx_word' id='word_1_109' title='bbox 1749 484 1823 514; x_wconf 83' lang='lat' dir='ltr'><strong>Ma-</strong></span> 
     </span>
     <span class='ocr_line' id='line_1_9' title="bbox 128 534 1824 583; baseline -0.003 -11"><span class='ocrx_word' id='word_1_110' title='bbox 128 542 249 582; x_wconf 87' lang='lat' dir='ltr'><strong>nutios,</strong></span> <span class='ocrx_word' id='word_1_111' title='bbox 271 539 445 583; x_wconf 76' lang='lat' dir='ltr'><strong>sigonium,</strong></span> <span class='ocrx_word' id='word_1_112' title='bbox 468 539 546 570; x_wconf 92' lang='lat' dir='ltr'><strong>alios</strong></span> <span class='ocrx_word' id='word_1_113' title='bbox 568 540 755 580; x_wconf 84' lang='lat' dir='ltr'><strong>statuerunt,</strong></span> <span class='ocrx_word' id='word_1_114' title='bbox 777 538 902 579; x_wconf 88' lang='lat' dir='ltr'><strong>quintus</strong></span> <span class='ocrx_word' id='word_1_115' title='bbox 923 536 1059 568; x_wconf 89' lang='lat' dir='ltr'><strong>decimus</strong></span> <span class='ocrx_word' id='word_1_116' title='bbox 1080 537 1196 568; x_wconf 87' lang='lat' dir='ltr'><strong>aetatis</strong></span> <span class='ocrx_word' id='word_1_117' title='bbox 1217 546 1318 568; x_wconf 85' lang='lat' dir='ltr'><strong>annus</strong></span> <span class='ocrx_word' id='word_1_118' title='bbox 1338 535 1498 579; x_wconf 84' lang='lat' dir='ltr'><strong>legitimus</strong></span> <span class='ocrx_word' id='word_1_119' title='bbox 1518 534 1641 577; x_wconf 81' lang='lat' dir='ltr'><strong>fuisset,</strong></span> <span class='ocrx_word' id='word_1_120' title='bbox 1664 544 1724 577; x_wconf 85' lang='lat' dir='ltr'><strong>quo</strong></span> <span class='ocrx_word' id='word_1_121' title='bbox 1745 537 1824 579; x_wconf 83' lang='lat' dir='ltr'><strong>toga</strong></span> 
     </span>
     <span class='ocr_line' id='line_1_10' title="bbox 128 586 1823 633; baseline -0.004 -9"><span class='ocrx_word' id='word_1_122' title='bbox 128 592 256 625; x_wconf 85' lang='lat' dir='ltr'><strong>daretur</strong></span> <span class='ocrx_word' id='word_1_123' title='bbox 275 591 386 633; x_wconf 84' lang='lat' dir='ltr'><strong>virilis,</strong></span> <span class='ocrx_word' id='word_1_124' title='bbox 409 590 521 623; x_wconf 89' lang='lat' dir='ltr'><strong>Cicero</strong></span> <span class='ocrx_word' id='word_1_125' title='bbox 543 588 623 619; x_wconf 83' lang='lat' dir='ltr'><strong>tilius</strong></span> <span class='ocrx_word' id='word_1_126' title='bbox 644 598 757 621; x_wconf 87' lang='lat' dir='ltr'><strong>revera</strong></span> <span class='ocrx_word' id='word_1_127' title='bbox 777 588 926 621; x_wconf 86' lang='lat' dir='ltr'><strong>dicendus</strong></span> <span class='ocrx_word' id='word_1_128' title='bbox 948 591 1036 620; x_wconf 84' lang='lat' dir='ltr'><strong>esset</strong></span> <span class='ocrx_word' id='word_1_129' title='bbox 1057 588 1237 619; x_wconf 86' lang='lat' dir='ltr'><strong>consulibus</strong></span> <span class='ocrx_word' id='word_1_130' title='bbox 1256 588 1318 618; x_wconf 91' lang='lat' dir='ltr'><strong>illis</strong></span> <span class='ocrx_word' id='word_1_131' title='bbox 1340 590 1432 618; x_wconf 92' lang='lat' dir='ltr'><strong>natus</strong></span> <span class='ocrx_word' id='word_1_132' title='bbox 1454 596 1539 619; x_wconf 88' lang='lat' dir='ltr'><strong>esse.</strong></span> <span class='ocrx_word' id='word_1_133' title='bbox 1570 586 1638 619; x_wconf 89' lang='lat' dir='ltr'><strong>Sed</strong></span> <span class='ocrx_word' id='word_1_134' title='bbox 1659 595 1823 631; x_wconf 80' lang='lat' dir='ltr'><strong>repugna-</strong></span> 
     </span>
     <span class='ocr_line' id='line_1_11' title="bbox 128 639 1824 684; baseline -0.003 -10"><span class='ocrx_word' id='word_1_135' title='bbox 128 646 178 676; x_wconf 87' lang='lat' dir='ltr'><strong>ret</strong></span> <span class='ocrx_word' id='word_1_136' title='bbox 197 643 380 684; x_wconf 84' lang='lat' dir='ltr'><strong>manit&#39;esto,</strong></span> <span class='ocrx_word' id='word_1_137' title='bbox 403 642 483 683; x_wconf 88' lang='lat' dir='ltr'><strong>quod</strong></span> <span class='ocrx_word' id='word_1_138' title='bbox 506 640 651 671; x_wconf 84' lang='lat' dir='ltr'><strong>Ciceroni</strong></span> <span class='ocrx_word' id='word_1_139' title='bbox 672 643 735 670; x_wconf 87' lang='lat' dir='ltr'><strong>tum</strong></span> <span class='ocrx_word' id='word_1_140' title='bbox 755 641 855 672; x_wconf 84' lang='lat' dir='ltr'><strong>fuisse</strong></span> <span class='ocrx_word' id='word_1_141' title='bbox 876 641 989 671; x_wconf 83' lang='lat' dir='ltr'><strong>dicitur</strong></span> <span class='ocrx_word' id='word_1_142' title='bbox 1008 639 1163 671; x_wconf 79' lang='lat' dir='ltr'><strong>Catilinae</strong></span> <span class='ocrx_word' id='word_1_143' title='bbox 1183 639 1372 670; x_wconf 85' lang='lat' dir='ltr'><strong>defendendi</strong></span> <span class='ocrx_word' id='word_1_144' title='bbox 1391 639 1569 680; x_wconf 78' lang='lat' dir='ltr'><strong>consilium,</strong></span> <span class='ocrx_word' id='word_1_145' title='bbox 1598 639 1681 679; x_wconf 87' lang='lat' dir='ltr'><strong>quod</strong></span> <span class='ocrx_word' id='word_1_146' title='bbox 1701 647 1764 669; x_wconf 89' lang='lat' dir='ltr'><strong>non</strong></span> <span class='ocrx_word' id='word_1_147' title='bbox 1784 639 1824 669; x_wconf 83' lang='lat' dir='ltr'><strong>ad</strong></span> 
     </span>
     <span class='ocr_line' id='line_1_12' title="bbox 122 690 1824 732; baseline -0.003 -5"><span class='ocrx_word' id='word_1_148' title='bbox 122 696 213 730; x_wconf 69' lang='lat' dir='ltr'><strong>vhunc</strong></span> <span class='ocrx_word' id='word_1_149' title='bbox 233 694 290 726; x_wconf 85' lang='lat' dir='ltr'><strong>sed</strong></span> <span class='ocrx_word' id='word_1_150' title='bbox 317 693 356 724; x_wconf 89' lang='lat' dir='ltr'><strong>ad</strong></span> <span class='ocrx_word' id='word_1_151' title='bbox 377 692 616 724; x_wconf 80' lang='lat' dir='ltr'><strong>antecedentem</strong></span> <span class='ocrx_word' id='word_1_152' title='bbox 637 703 749 723; x_wconf 83' lang='lat' dir='ltr'><strong>annum</strong></span> <span class='ocrx_word' id='word_1_153' title='bbox 769 693 945 732; x_wconf 82' lang='lat' dir='ltr'><strong>pertinere,</strong></span> <span class='ocrx_word' id='word_1_154' title='bbox 977 692 1065 722; x_wconf 91' lang='lat' dir='ltr'><strong>modo</strong></span> <span class='ocrx_word' id='word_1_155' title='bbox 1092 690 1334 722; x_wconf 84' lang='lat' dir='ltr'><strong>demonstratum</strong></span> <span class='ocrx_word' id='word_1_156' title='bbox 1362 692 1422 722; x_wconf 89' lang='lat' dir='ltr'><strong>est.</strong></span> <span class='ocrx_word' id='word_1_157' title='bbox 1465 690 1634 731; x_wconf 72' lang='lat' dir='ltr'><strong>Quocirca,</strong></span> <span class='ocrx_word' id='word_1_158' title='bbox 1666 700 1758 730; x_wconf 83' lang='lat' dir='ltr'><strong>quum</strong></span> <span class='ocrx_word' id='word_1_159' title='bbox 1782 699 1824 722; x_wconf 83' lang='lat' dir='ltr'><strong>ne</strong></span> 
     </span>
     <span class='ocr_line' id='line_1_13' title="bbox 128 741 1822 786; baseline -0.004 -8"><span class='ocrx_word' id='word_1_160' title='bbox 128 756 228 778; x_wconf 85' lang='lat' dir='ltr'><strong>annus</strong></span> <span class='ocrx_word' id='word_1_161' title='bbox 249 744 370 786; x_wconf 90' lang='lat' dir='ltr'><strong>quidem</strong></span> <span class='ocrx_word' id='word_1_162' title='bbox 390 744 443 776; x_wconf 90' lang='lat' dir='ltr'><strong>ille</strong></span> <span class='ocrx_word' id='word_1_163' title='bbox 464 745 589 784; x_wconf 86' lang='lat' dir='ltr'><strong>quintus</strong></span> <span class='ocrx_word' id='word_1_164' title='bbox 617 743 754 776; x_wconf 86' lang='lat' dir='ltr'><strong>decimus</strong></span> <span class='ocrx_word' id='word_1_165' title='bbox 776 744 819 775; x_wconf 88' lang='lat' dir='ltr'><strong>ita</strong></span> <span class='ocrx_word' id='word_1_166' title='bbox 840 746 945 775; x_wconf 85' lang='lat' dir='ltr'><strong>certus</strong></span> <span class='ocrx_word' id='word_1_167' title='bbox 966 744 1025 784; x_wconf 84' lang='lat' dir='ltr'><strong>sit,</strong></span> <span class='ocrx_word' id='word_1_168' title='bbox 1062 743 1134 783; x_wconf 85' lang='lat' dir='ltr'><strong>quin</strong></span> <span class='ocrx_word' id='word_1_169' title='bbox 1154 742 1299 785; x_wconf 86' lang='lat' dir='ltr'><strong>singulos</strong></span> <span class='ocrx_word' id='word_1_170' title='bbox 1320 741 1488 783; x_wconf 87' lang='lat' dir='ltr'><strong>quosdam,</strong></span> <span class='ocrx_word' id='word_1_171' title='bbox 1521 743 1574 783; x_wconf 83' lang='lat' dir='ltr'><strong>qui</strong></span> <span class='ocrx_word' id='word_1_172' title='bbox 1601 741 1822 783; x_wconf 74' lang='lat' dir='ltr'><strong>adversantur,</strong></span> 
     </span>
     <span class='ocr_line' id='line_1_14' title="bbox 128 791 1823 837; baseline -0.004 -7"><span class='ocrx_word' id='word_1_173' title='bbox 128 799 215 830; x_wconf 87' lang='lat' dir='ltr'><strong>locos</strong></span> <span class='ocrx_word' id='word_1_174' title='bbox 237 795 394 829; x_wconf 86' lang='lat' dir='ltr'><strong>emendari</strong></span> <span class='ocrx_word' id='word_1_175' title='bbox 413 797 581 837; x_wconf 85' lang='lat' dir='ltr'><strong>propterea</strong></span> <span class='ocrx_word' id='word_1_176' title='bbox 601 804 736 828; x_wconf 85' lang='lat' dir='ltr'><strong>necesse</strong></span> <span class='ocrx_word' id='word_1_177' title='bbox 758 796 815 835; x_wconf 82' lang='lat' dir='ltr'><strong>sit,</strong></span> <span class='ocrx_word' id='word_1_178' title='bbox 837 797 1010 827; x_wconf 75' lang='lat' dir='ltr'><strong>statuamus</strong></span> <span class='ocrx_word' id='word_1_179' title='bbox 1031 794 1122 836; x_wconf 87' lang='lat' dir='ltr'><strong>licet,</strong></span> <span class='ocrx_word' id='word_1_180' title='bbox 1150 793 1181 825; x_wconf 91' lang='lat' dir='ltr'><strong>id</strong></span> <span class='ocrx_word' id='word_1_181' title='bbox 1201 793 1283 835; x_wconf 80' lang='lat' dir='ltr'><strong>quod</strong></span> <span class='ocrx_word' id='word_1_182' title='bbox 1304 803 1322 827; x_wconf 89' lang='lat' dir='ltr'><strong>e</strong></span> <span class='ocrx_word' id='word_1_183' title='bbox 1343 794 1433 825; x_wconf 87' lang='lat' dir='ltr'><strong>Livio</strong></span> <span class='ocrx_word' id='word_1_184' title='bbox 1447 791 1485 837; x_wconf 81' lang='lat'><strong>³]</strong></span> <span class='ocrx_word' id='word_1_185' title='bbox 1507 791 1649 837; x_wconf 82' lang='grc' dir='ltr'>(ΧΧΙΙ,</span> <span class='ocrx_word' id='word_1_186' title='bbox 1668 791 1732 836; x_wconf 74' lang='lat'><strong>5⁷)</strong></span> <span class='ocrx_word' id='word_1_187' title='bbox 1753 793 1823 824; x_wconf 90' lang='lat' dir='ltr'><strong>col-</strong></span> 
     </span>
     <span class='ocr_line' id='line_1_15' title="bbox 130 844 1824 890; baseline -0.001 -13"><span class='ocrx_word' id='word_1_188' title='bbox 130 849 188 890; x_wconf 82' lang='lat' dir='ltr'><strong>ligi</strong></span> <span class='ocrx_word' id='word_1_189' title='bbox 214 847 330 888; x_wconf 85' lang='lat' dir='ltr'><strong>possit,</strong></span> <span class='ocrx_word' id='word_1_190' title='bbox 358 849 455 877; x_wconf 86' lang='lat' dir='ltr'><strong>-sexto</strong></span> <span class='ocrx_word' id='word_1_191' title='bbox 482 846 600 877; x_wconf 89' lang='lat' dir='ltr'><strong>decimo</strong></span> <span class='ocrx_word' id='word_1_192' title='bbox 629 856 751 887; x_wconf 87' lang='lat' dir='ltr'><strong>quoque</strong></span> <span class='ocrx_word' id='word_1_193' title='bbox 779 856 860 876; x_wconf 86' lang='lat' dir='ltr'><strong>anno</strong></span> <span class='ocrx_word' id='word_1_194' title='bbox 888 847 987 877; x_wconf 83' lang='lat' dir='ltr'><strong>fuisse</strong></span> <span class='ocrx_word' id='word_1_195' title='bbox 1014 847 1065 886; x_wconf 88' lang='lat' dir='ltr'><strong>qui</strong></span> <span class='ocrx_word' id='word_1_196' title='bbox 1092 848 1199 887; x_wconf 84' lang='lat' dir='ltr'><strong>togam</strong></span> <span class='ocrx_word' id='word_1_197' title='bbox 1225 845 1345 876; x_wconf 83' lang='lat' dir='ltr'><strong>virilem</strong></span> <span class='ocrx_word' id='word_1_198' title='bbox 1372 846 1570 885; x_wconf 82' lang='lat' dir='ltr'><strong>acciperent,</strong></span> <span class='ocrx_word' id='word_1_199' title='bbox 1601 847 1634 875; x_wconf 89' lang='lat' dir='ltr'><strong>et</strong></span> <span class='ocrx_word' id='word_1_200' title='bbox 1661 844 1824 876; x_wconf 86' lang='lat' dir='ltr'><strong>Ciceronis</strong></span> 
     </span>
     <span class='ocr_line' id='line_1_16' title="bbox 129 895 1825 939; baseline -0.002 -9"><span class='ocrx_word' id='word_1_201' title='bbox 129 901 211 931; x_wconf 90' lang='lat' dir='ltr'><strong>inter</strong></span> <span class='ocrx_word' id='word_1_202' title='bbox 237 907 294 930; x_wconf 90' lang='lat' dir='ltr'><strong>eos</strong></span> <span class='ocrx_word' id='word_1_203' title='bbox 321 897 413 928; x_wconf 85' lang='lat' dir='ltr'><strong>filium</strong></span> <span class='ocrx_word' id='word_1_204' title='bbox 440 897 629 939; x_wconf 72' lang='lat' dir='ltr'><strong>reseramus,</strong></span> <span class='ocrx_word' id='word_1_205' title='bbox 660 900 834 929; x_wconf 81' lang='lat' dir='ltr'><strong>statuamus</strong></span> <span class='ocrx_word' id='word_1_206' title='bbox 862 898 954 929; x_wconf 87' lang='lat' dir='ltr'><strong>etiam</strong></span> <span class='ocrx_word' id='word_1_207' title='bbox 981 896 1152 928; x_wconf 85' lang='lat' dir='ltr'><strong>confirmari</strong></span> <span class='ocrx_word' id='word_1_208' title='bbox 1177 896 1328 929; x_wconf 84' lang='lat' dir='ltr'><strong>rationem</strong></span> <span class='ocrx_word' id='word_1_209' title='bbox 1354 896 1437 928; x_wconf 90' lang='lat' dir='ltr'><strong>illam</strong></span> <span class='ocrx_word' id='word_1_210' title='bbox 1458 906 1513 938; x_wconf 91' lang='lat' dir='ltr'><strong>eo,</strong></span> <span class='ocrx_word' id='word_1_211' title='bbox 1544 895 1626 937; x_wconf 85' lang='lat' dir='ltr'><strong>quod</strong></span> <span class='ocrx_word' id='word_1_212' title='bbox 1652 895 1691 935; x_wconf 80' lang='lat' dir='ltr'><strong>Q.</strong></span> <span class='ocrx_word' id='word_1_213' title='bbox 1718 895 1825 928; x_wconf 82' lang='lat' dir='ltr'><strong>fratris</strong></span> 
     </span>
     <span class='ocr_line' id='line_1_17' title="bbox 129 945 1822 991; baseline -0.002 -9"><span class='ocrx_word' id='word_1_214' title='bbox 129 951 222 990; x_wconf 87' lang='lat' dir='ltr'><strong>filius,</strong></span> <span class='ocrx_word' id='word_1_215' title='bbox 244 950 331 989; x_wconf 79' lang='lat' dir='ltr'><strong>cujus</strong></span> <span class='ocrx_word' id='word_1_216' title='bbox 351 951 450 980; x_wconf 89' lang='lat' dir='ltr'><strong>mater</strong></span> <span class='ocrx_word' id='word_1_217' title='bbox 471 957 552 979; x_wconf 88' lang='lat' dir='ltr'><strong>anno</strong></span> <span class='ocrx_word' id='word_1_218' title='bbox 575 951 648 980; x_wconf 90' lang='lat' dir='ltr'><strong>ante</strong></span> <span class='ocrx_word' id='word_1_219' title='bbox 664 947 847 981; x_wconf 88' lang='lat' dir='ltr'><strong>Ciceronem</strong></span> <span class='ocrx_word' id='word_1_220' title='bbox 862 951 1036 990; x_wconf 84' lang='lat' dir='ltr'><strong>praetorem</strong></span> <span class='ocrx_word' id='word_1_221' title='bbox 1051 956 1234 990; x_wconf 82' lang='lat' dir='ltr'><strong>praegnans</strong></span> <span class='ocrx_word' id='word_1_222' title='bbox 1255 947 1353 980; x_wconf 84' lang='lat' dir='ltr'><strong>fuisse</strong></span> <span class='ocrx_word' id='word_1_223' title='bbox 1374 947 1485 979; x_wconf 90' lang='lat' dir='ltr'><strong>dicitur</strong></span> <span class='ocrx_word' id='word_1_224' title='bbox 1498 945 1560 991; x_wconf 79' lang='lat' dir='ltr'><strong>[ad</strong></span> <span class='ocrx_word' id='word_1_225' title='bbox 1576 949 1641 979; x_wconf 85' lang='lat' dir='ltr'><strong>Att.</strong></span> <span class='ocrx_word' id='word_1_226' title='bbox 1656 948 1682 989; x_wconf 88' lang='lat' dir='ltr'><strong>l,</strong></span> <span class='ocrx_word' id='word_1_227' title='bbox 1705 948 1753 986; x_wconf 89' lang='grc'><strong>10,</strong></span> <span class='ocrx_word' id='word_1_228' title='bbox 1767 945 1822 990; x_wconf 78' lang='lat'><strong>5),</strong></span> 
     </span>
     <span class='ocr_line' id='line_1_18' title="bbox 131 997 1824 1043; baseline -0.002 -11"><span class='ocrx_word' id='word_1_229' title='bbox 131 1002 245 1043; x_wconf 85' lang='lat' dir='ltr'><strong>quique</strong></span> <span class='ocrx_word' id='word_1_230' title='bbox 265 1000 337 1030; x_wconf 88' lang='lat' dir='ltr'><strong>hinc</strong></span> <span class='ocrx_word' id='word_1_231' title='bbox 357 1002 503 1040; x_wconf 85' lang='lat' dir='ltr'><strong>praetore</strong></span> <span class='ocrx_word' id='word_1_232' title='bbox 523 999 566 1029; x_wconf 90' lang='lat' dir='ltr'><strong>M.</strong></span> <span class='ocrx_word' id='word_1_233' title='bbox 588 998 741 1031; x_wconf 86' lang='lat' dir='ltr'><strong>Cicerone</strong></span> <span class='ocrx_word' id='word_1_234' title='bbox 763 998 825 1042; x_wconf 81' lang='grc'><strong>(66</strong></span> <span class='ocrx_word' id='word_1_235' title='bbox 845 1010 874 1031; x_wconf 83' lang='lat' dir='ltr'><strong>a.</strong></span> <span class='ocrx_word' id='word_1_236' title='bbox 896 997 993 1042; x_wconf 80' lang='lat' dir='ltr'><strong>Chr.)</strong></span> <span class='ocrx_word' id='word_1_237' title='bbox 1014 1002 1106 1030; x_wconf 88' lang='lat' dir='ltr'><strong>natus</strong></span> <span class='ocrx_word' id='word_1_238' title='bbox 1126 999 1265 1040; x_wconf 87' lang='lat' dir='ltr'><strong>videtur,</strong></span> <span class='ocrx_word' id='word_1_239' title='bbox 1288 1008 1369 1029; x_wconf 84' lang='lat' dir='ltr'><strong>anno</strong></span> <span class='ocrx_word' id='word_1_240' title='bbox 1390 1001 1465 1031; x_wconf 86' lang='lat' dir='ltr'><strong>ante</strong></span> <span class='ocrx_word' id='word_1_241' title='bbox 1484 999 1527 1029; x_wconf 86' lang='grc' dir='ltr'><strong>Μ.</strong></span> <span class='ocrx_word' id='word_1_242' title='bbox 1549 998 1712 1030; x_wconf 85' lang='lat' dir='ltr'><strong>Ciceronis</strong></span> <span class='ocrx_word' id='word_1_243' title='bbox 1731 997 1824 1029; x_wconf 87' lang='lat' dir='ltr'><strong>filium</strong></span> 
     </span>
     <span class='ocr_line' id='line_1_19' title="bbox 130 1045 1824 1097; baseline -0.002 -13"><span class='ocrx_word' id='word_1_244' title='bbox 130 1056 238 1097; x_wconf 84' lang='lat' dir='ltr'><strong>togam</strong></span> <span class='ocrx_word' id='word_1_245' title='bbox 257 1060 364 1093; x_wconf 86' lang='lat' dir='ltr'><strong>puram</strong></span> <span class='ocrx_word' id='word_1_246' title='bbox 384 1052 553 1091; x_wconf 85' lang='lat' dir='ltr'><strong>acceperat</strong></span> <span class='ocrx_word' id='word_1_247' title='bbox 566 1047 604 1094; x_wconf 79' lang='lat'><strong>⁴]</strong></span> <span class='ocrx_word' id='word_1_248' title='bbox 626 1047 689 1094; x_wconf 81' lang='lat' dir='ltr'><strong>[ad</strong></span> <span class='ocrx_word' id='word_1_249' title='bbox 710 1052 775 1082; x_wconf 89' lang='lat' dir='ltr'><strong>Att.</strong></span> <span class='ocrx_word' id='word_1_250' title='bbox 797 1051 859 1094; x_wconf 89' lang='lat' dir='ltr'><strong>VI,</strong></span> <span class='ocrx_word' id='word_1_251' title='bbox 883 1052 915 1094; x_wconf 82' lang='lat'><strong>1,</strong></span> <span class='ocrx_word' id='word_1_252' title='bbox 939 1048 1009 1094; x_wconf 76' lang='lat'>12).</span> <span class='ocrx_word' id='word_1_253' title='bbox 1050 1049 1118 1083; x_wconf 87' lang='lat' dir='ltr'><strong>Sed</strong></span> <span class='ocrx_word' id='word_1_254' title='bbox 1138 1060 1179 1083; x_wconf 89' lang='lat' dir='ltr'><strong>ne</strong></span> <span class='ocrx_word' id='word_1_255' title='bbox 1199 1050 1257 1081; x_wconf 88' lang='lat' dir='ltr'><strong>hoc</strong></span> <span class='ocrx_word' id='word_1_256' title='bbox 1278 1049 1400 1091; x_wconf 91' lang='lat' dir='ltr'><strong>quidem</strong></span> <span class='ocrx_word' id='word_1_257' title='bbox 1420 1049 1502 1091; x_wconf 88' lang='lat' dir='ltr'><strong>quod</strong></span> <span class='ocrx_word' id='word_1_258' title='bbox 1521 1045 1702 1082; x_wconf 79' lang='lat' dir='ltr'><strong>offensionis</strong></span> <span class='ocrx_word' id='word_1_259' title='bbox 1723 1052 1775 1082; x_wconf 89' lang='lat' dir='ltr'><strong>est</strong></span> <span class='ocrx_word' id='word_1_260' title='bbox 1793 1049 1824 1080; x_wconf 89' lang='lat' dir='ltr'><strong>in</strong></span> 
     </span>
     <span class='ocr_line' id='line_1_20' title="bbox 130 1102 465 1137; baseline -0.018 0"><span class='ocrx_word' id='word_1_261' title='bbox 130 1105 238 1137; x_wconf 85' lang='lat' dir='ltr'><strong>verbis</strong></span> <span class='ocrx_word' id='word_1_262' title='bbox 257 1103 319 1133; x_wconf 91' lang='lat' dir='ltr'><strong>illis</strong></span> <span class='ocrx_word' id='word_1_263' title='bbox 340 1102 465 1132; x_wconf 86' lang='lat' dir='ltr'><strong>tollitur.</strong></span> 
     </span>
    </p>

    <p class='ocr_par' dir='ltr' id='par_1_3' title="bbox 133 1153 1829 1963">
     <span class='ocr_line' id='line_1_21' title="bbox 274 1153 1825 1196; baseline -0.001 -12"><span class='ocrx_word' id='word_1_264' title='bbox 274 1153 483 1196; x_wconf 82' lang='lat' dir='ltr'><strong>Legebantur</strong></span> <span class='ocrx_word' id='word_1_265' title='bbox 497 1153 577 1185; x_wconf 91' lang='lat' dir='ltr'><strong>enim</strong></span> <span class='ocrx_word' id='word_1_266' title='bbox 597 1153 651 1184; x_wconf 85' lang='lat' dir='ltr'><strong>illa</strong></span> <span class='ocrx_word' id='word_1_267' title='bbox 672 1163 691 1185; x_wconf 88' lang='lat' dir='ltr'><strong>a</strong></span> <span class='ocrx_word' id='word_1_268' title='bbox 704 1154 843 1185; x_wconf 87' lang='lat' dir='ltr'><strong>Manutio</strong></span> <span class='ocrx_word' id='word_1_269' title='bbox 864 1154 905 1185; x_wconf 86' lang='lat' dir='ltr'><strong>ad</strong></span> <span class='ocrx_word' id='word_1_270' title='bbox 925 1154 1016 1186; x_wconf 91' lang='lat' dir='ltr'><strong>finem</strong></span> <span class='ocrx_word' id='word_1_271' title='bbox 1037 1154 1190 1195; x_wconf 89' lang='lat' dir='ltr'><strong>epistolae</strong></span> <span class='ocrx_word' id='word_1_272' title='bbox 1211 1154 1322 1195; x_wconf 86' lang='lat' dir='ltr'><strong>prioris</strong></span> <span class='ocrx_word' id='word_1_273' title='bbox 1344 1156 1377 1186; x_wconf 90' lang='lat' dir='ltr'><strong>et</strong></span> <span class='ocrx_word' id='word_1_274' title='bbox 1394 1153 1631 1194; x_wconf 77' lang='lat' dir='ltr'><strong>explicabantur</strong></span> <span class='ocrx_word' id='word_1_275' title='bbox 1650 1153 1690 1184; x_wconf 82' lang='lat' dir='ltr'><strong>ab</strong></span> <span class='ocrx_word' id='word_1_276' title='bbox 1712 1162 1750 1185; x_wconf 91' lang='lat' dir='ltr'><strong>eo</strong></span> <span class='ocrx_word' id='word_1_277' title='bbox 1770 1153 1825 1194; x_wconf 86' lang='lat' dir='ltr'><strong>ita,</strong></span> 
     </span>
     <span class='ocr_line' id='line_1_22' title="bbox 133 1203 1825 1247; baseline -0.001 -9"><span class='ocrx_word' id='word_1_278' title='bbox 133 1210 166 1238; x_wconf 90' lang='lat' dir='ltr'><strong>ut</strong></span> <span class='ocrx_word' id='word_1_279' title='bbox 187 1205 351 1247; x_wconf 83' lang='lat' dir='ltr'><strong>epistolam</strong></span> <span class='ocrx_word' id='word_1_280' title='bbox 369 1204 454 1234; x_wconf 90' lang='lat' dir='ltr'><strong>illam</strong></span> <span class='ocrx_word' id='word_1_281' title='bbox 473 1203 607 1236; x_wconf 88' lang='lat' dir='ltr'><strong>diversis</strong></span> <span class='ocrx_word' id='word_1_282' title='bbox 628 1205 835 1246; x_wconf 87' lang='lat' dir='ltr'><strong>temporibus,</strong></span> <span class='ocrx_word' id='word_1_283' title='bbox 857 1205 986 1237; x_wconf 86' lang='lat' dir='ltr'><strong>alteram</strong></span> <span class='ocrx_word' id='word_1_284' title='bbox 1006 1205 1152 1237; x_wconf 86' lang='lat' dir='ltr'><strong>videlicet</strong></span> <span class='ocrx_word' id='word_1_285' title='bbox 1172 1214 1302 1246; x_wconf 90' lang='lat' dir='ltr'><strong>eamque</strong></span> <span class='ocrx_word' id='word_1_286' title='bbox 1321 1207 1467 1245; x_wconf 87' lang='lat' dir='ltr'><strong>majorem</strong></span> <span class='ocrx_word' id='word_1_287' title='bbox 1487 1207 1606 1246; x_wconf 87' lang='lat' dir='ltr'><strong>partem</strong></span> <span class='ocrx_word' id='word_1_288' title='bbox 1626 1206 1718 1247; x_wconf 79' lang='lat' dir='ltr'><strong>ante,</strong></span> <span class='ocrx_word' id='word_1_289' title='bbox 1740 1204 1825 1236; x_wconf 82' lang='lat' dir='ltr'><strong>alte-</strong></span> 
     </span>
     <span class='ocr_line' id='line_1_23' title="bbox 134 1255 1826 1300; baseline -0.001 -10"><span class='ocrx_word' id='word_1_290' title='bbox 134 1268 199 1290; x_wconf 90' lang='lat' dir='ltr'><strong>ram</strong></span> <span class='ocrx_word' id='word_1_291' title='bbox 227 1259 299 1298; x_wconf 88' lang='lat' dir='ltr'><strong>post</strong></span> <span class='ocrx_word' id='word_1_292' title='bbox 324 1256 446 1287; x_wconf 88' lang='lat' dir='ltr'><strong>comitia</strong></span> <span class='ocrx_word' id='word_1_293' title='bbox 472 1256 647 1287; x_wconf 85' lang='lat' dir='ltr'><strong>consularia</strong></span> <span class='ocrx_word' id='word_1_294' title='bbox 668 1257 830 1297; x_wconf 78' lang='lat' dir='ltr'><strong>scriptam,</strong></span> <span class='ocrx_word' id='word_1_295' title='bbox 861 1257 968 1288; x_wconf 88' lang='lat' dir='ltr'><strong>verbis</strong></span> <span class='ocrx_word' id='word_1_296' title='bbox 996 1259 1098 1288; x_wconf 88' lang='lat' dir='ltr'><strong>autem</strong></span> <span class='ocrx_word' id='word_1_297' title='bbox 1129 1278 1150 1298; x_wconf 93' lang='lat'>„</span> <span class='ocrx_word' id='word_1_298' title='bbox 1159 1257 1197 1287; x_wconf 87' lang='lat' dir='ltr'><strong>L.</strong></span> <span class='ocrx_word' id='word_1_299' title='bbox 1217 1255 1325 1288; x_wconf 72' lang='lat' dir='ltr'><strong>Julio⁴‘</strong></span> <span class='ocrx_word' id='word_1_300' title='bbox 1347 1256 1408 1288; x_wconf 57' lang='grc' dir='ltr'><strong>ὥσ.</strong></span> <span class='ocrx_word' id='word_1_301' title='bbox 1428 1256 1502 1288; x_wconf 86' lang='lat' dir='ltr'><strong>nihil</strong></span> <span class='ocrx_word' id='word_1_302' title='bbox 1522 1256 1731 1300; x_wconf 81' lang='lat' dir='ltr'><strong>significatum</strong></span> <span class='ocrx_word' id='word_1_303' title='bbox 1751 1266 1826 1288; x_wconf 88' lang='lat' dir='ltr'><strong>esse</strong></span> 
     </span>
     <span class='ocr_line' id='line_1_24' title="bbox 134 1307 1827 1350; baseline -0.002 -9"><span class='ocrx_word' id='word_1_304' title='bbox 134 1310 195 1341; x_wconf 89' lang='lat' dir='ltr'><strong>nisi</strong></span> <span class='ocrx_word' id='word_1_305' title='bbox 214 1308 338 1339; x_wconf 86' lang='lat' dir='ltr'><strong>filiolum</strong></span> <span class='ocrx_word' id='word_1_306' title='bbox 365 1309 438 1347; x_wconf 88' lang='lat' dir='ltr'><strong>post</strong></span> <span class='ocrx_word' id='word_1_307' title='bbox 459 1307 605 1339; x_wconf 89' lang='lat' dir='ltr'><strong>consules</strong></span> <span class='ocrx_word' id='word_1_308' title='bbox 632 1307 703 1338; x_wconf 92' lang='lat' dir='ltr'><strong>illos</strong></span> <span class='ocrx_word' id='word_1_309' title='bbox 731 1307 916 1350; x_wconf 80' lang='lat' dir='ltr'><strong>designatos</strong></span> <span class='ocrx_word' id='word_1_310' title='bbox 942 1311 1046 1339; x_wconf 87' lang='lat' dir='ltr'><strong>natum</strong></span> <span class='ocrx_word' id='word_1_311' title='bbox 1066 1308 1194 1340; x_wconf 87' lang='lat' dir='ltr'><strong>diceret.</strong></span> <span class='ocrx_word' id='word_1_312' title='bbox 1234 1307 1404 1339; x_wconf 83' lang='lat' dir='ltr'><strong>Adversari</strong></span> <span class='ocrx_word' id='word_1_313' title='bbox 1430 1310 1533 1339; x_wconf 87' lang='lat' dir='ltr'><strong>autem</strong></span> <span class='ocrx_word' id='word_1_314' title='bbox 1557 1308 1714 1346; x_wconf 89' lang='lat' dir='ltr'><strong>videntur,</strong></span> <span class='ocrx_word' id='word_1_315' title='bbox 1745 1316 1827 1348; x_wconf 85' lang='lat' dir='ltr'><strong>quae</strong></span> 
     </span>
     <span class='ocr_line' id='line_1_25' title="bbox 135 1359 1826 1402; baseline -0.002 -10"><span class='ocrx_word' id='word_1_316' title='bbox 135 1361 287 1402; x_wconf 80' lang='lat' dir='ltr'><strong>leguntur</strong></span> <span class='ocrx_word' id='word_1_317' title='bbox 308 1368 358 1398; x_wconf 91' lang='lat' dir='ltr'><strong>ep.</strong></span> <span class='ocrx_word' id='word_1_318' title='bbox 380 1360 415 1398; x_wconf 90' lang='lat'><strong>1,</strong></span> <span class='ocrx_word' id='word_1_319' title='bbox 438 1360 470 1388; x_wconf 85' lang='lat'><strong>1:</strong></span> <span class='ocrx_word' id='word_1_320' title='bbox 506 1359 602 1399; x_wconf 89' lang='lat' dir='ltr'><strong>„Nos</strong></span> <span class='ocrx_word' id='word_1_321' title='bbox 624 1360 726 1390; x_wconf 89' lang='lat' dir='ltr'><strong>autem</strong></span> <span class='ocrx_word' id='word_1_322' title='bbox 747 1359 862 1389; x_wconf 82' lang='lat' dir='ltr'><strong>init-ium</strong></span> <span class='ocrx_word' id='word_1_323' title='bbox 883 1359 1053 1400; x_wconf 84' lang='lat' dir='ltr'><strong>prensandi</strong></span> <span class='ocrx_word' id='word_1_324' title='bbox 1073 1359 1179 1391; x_wconf 86' lang='lat' dir='ltr'><strong>facere</strong></span> <span class='ocrx_word' id='word_1_325' title='bbox 1200 1359 1410 1402; x_wconf 82' lang='lat' dir='ltr'><strong>cogitaramus</strong></span> <span class='ocrx_word' id='word_1_326' title='bbox 1430 1368 1469 1391; x_wconf 91' lang='lat' dir='ltr'><strong>eo</strong></span> <span class='ocrx_word' id='word_1_327' title='bbox 1489 1359 1557 1400; x_wconf 90' lang='lat' dir='ltr'><strong>ipso</strong></span> <span class='ocrx_word' id='word_1_328' title='bbox 1577 1361 1735 1399; x_wconf 83' lang='lat' dir='ltr'><strong>tempore,</strong></span> <span class='ocrx_word' id='word_1_329' title='bbox 1765 1367 1826 1399; x_wconf 81' lang='lat' dir='ltr'><strong>quo</strong></span> 
     </span>
     <span class='ocr_line' id='line_1_26' title="bbox 136 1409 1825 1451; baseline -0.001 -9"><span class='ocrx_word' id='word_1_330' title='bbox 136 1415 220 1442; x_wconf 90' lang='lat' dir='ltr'><strong>tuum</strong></span> <span class='ocrx_word' id='word_1_331' title='bbox 240 1420 368 1451; x_wconf 88' lang='lat' dir='ltr'><strong>puerum</strong></span> <span class='ocrx_word' id='word_1_332' title='bbox 388 1419 456 1441; x_wconf 89' lang='lat' dir='ltr'><strong>cum</strong></span> <span class='ocrx_word' id='word_1_333' title='bbox 476 1410 524 1440; x_wconf 88' lang='lat' dir='ltr'><strong>his</strong></span> <span class='ocrx_word' id='word_1_334' title='bbox 545 1410 644 1441; x_wconf 92' lang='lat' dir='ltr'><strong>literis</strong></span> <span class='ocrx_word' id='word_1_335' title='bbox 665 1410 818 1450; x_wconf 82' lang='lat' dir='ltr'><strong>proficisci</strong></span> <span class='ocrx_word' id='word_1_336' title='bbox 833 1409 959 1442; x_wconf 88' lang='lat' dir='ltr'><strong>Cincius</strong></span> <span class='ocrx_word' id='word_1_337' title='bbox 980 1411 1120 1451; x_wconf 86' lang='lat' dir='ltr'><strong>dicebat,</strong></span> <span class='ocrx_word' id='word_1_338' title='bbox 1142 1412 1173 1441; x_wconf 91' lang='lat' dir='ltr'><strong>in</strong></span> <span class='ocrx_word' id='word_1_339' title='bbox 1194 1420 1300 1450; x_wconf 85' lang='lat' dir='ltr'><strong>campo</strong></span> <span class='ocrx_word' id='word_1_340' title='bbox 1321 1410 1450 1441; x_wconf 89' lang='lat' dir='ltr'><strong>comitiis</strong></span> <span class='ocrx_word' id='word_1_341' title='bbox 1470 1411 1640 1442; x_wconf 83' lang='lat' dir='ltr'><strong>tribuniciis</strong></span> <span class='ocrx_word' id='word_1_342' title='bbox 1655 1420 1684 1442; x_wconf 85' lang='lat' dir='ltr'><strong>a.</strong></span> <span class='ocrx_word' id='word_1_343' title='bbox 1699 1410 1729 1441; x_wconf 88' lang='lat' dir='ltr'><strong>d.</strong></span> <span class='ocrx_word' id='word_1_344' title='bbox 1743 1410 1825 1442; x_wconf 87' lang='lat' dir='ltr'><strong>XVI</strong></span> 
     </span>
     <span class='ocr_line' id='line_1_27' title="bbox 138 1459 1826 1502; baseline -0.001 -8"><span class='ocrx_word' id='word_1_345' title='bbox 138 1460 275 1494; x_wconf 82' lang='lat' dir='ltr'><strong>Kalend.</strong></span> <span class='ocrx_word' id='word_1_346' title='bbox 297 1459 413 1493; x_wconf 74' lang='lat' dir='ltr'><strong>Sext.⁶‘</strong></span> <span class='ocrx_word' id='word_1_347' title='bbox 454 1460 534 1492; x_wconf 85' lang='lat' dir='ltr'><strong>Dies</strong></span> <span class='ocrx_word' id='word_1_348' title='bbox 555 1460 668 1502; x_wconf 83' lang='lat' dir='ltr'><strong>igitur,</strong></span> <span class='ocrx_word' id='word_1_349' title='bbox 690 1470 750 1501; x_wconf 85' lang='lat' dir='ltr'><strong>quo</strong></span> <span class='ocrx_word' id='word_1_350' title='bbox 771 1461 880 1493; x_wconf 88' lang='lat' dir='ltr'><strong>literas</strong></span> <span class='ocrx_word' id='word_1_351' title='bbox 900 1461 1005 1502; x_wconf 70' lang='lat' dir='ltr'><strong>daret,</strong></span> <span class='ocrx_word' id='word_1_352' title='bbox 1027 1462 1213 1493; x_wconf 85' lang='lat' dir='ltr'><strong>constitutus</strong></span> <span class='ocrx_word' id='word_1_353' title='bbox 1234 1463 1313 1494; x_wconf 86' lang='lat' dir='ltr'><strong>erat.</strong></span> <span class='ocrx_word' id='word_1_354' title='bbox 1352 1461 1550 1494; x_wconf 87' lang='lat' dir='ltr'><strong>Posteriores</strong></span> <span class='ocrx_word' id='word_1_355' title='bbox 1571 1461 1708 1494; x_wconf 88' lang='lat' dir='ltr'><strong>editores</strong></span> <span class='ocrx_word' id='word_1_356' title='bbox 1728 1461 1826 1494; x_wconf 75' lang='lat' dir='ltr'><strong>verba</strong></span> 
     </span>
     <span class='ocr_line' id='line_1_28' title="bbox 138 1512 1828 1553; baseline -0.001 -7"><span class='ocrx_word' id='word_1_357' title='bbox 138 1523 178 1546; x_wconf 84' lang='lat' dir='ltr'><strong>ea</strong></span> <span class='ocrx_word' id='word_1_358' title='bbox 200 1514 429 1553; x_wconf 82' lang='lat' dir='ltr'><strong>conjunxerunt</strong></span> <span class='ocrx_word' id='word_1_359' title='bbox 450 1520 517 1542; x_wconf 90' lang='lat' dir='ltr'><strong>cum</strong></span> <span class='ocrx_word' id='word_1_360' title='bbox 538 1512 683 1552; x_wconf 87' lang='lat' dir='ltr'><strong>sequenti</strong></span> <span class='ocrx_word' id='word_1_361' title='bbox 705 1512 856 1553; x_wconf 86' lang='lat' dir='ltr'><strong>epistola,</strong></span> <span class='ocrx_word' id='word_1_362' title='bbox 879 1512 935 1544; x_wconf 86' lang='lat' dir='ltr'><strong>sed</strong></span> <span class='ocrx_word' id='word_1_363' title='bbox 958 1521 1037 1553; x_wconf 78' lang='lat' dir='ltr'><strong>quae</strong></span> <span class='ocrx_word' id='word_1_364' title='bbox 1058 1512 1222 1543; x_wconf 80' lang='lat' dir='ltr'><strong>difficultas</strong></span> <span class='ocrx_word' id='word_1_365' title='bbox 1242 1513 1325 1544; x_wconf 90' lang='lat' dir='ltr'><strong>inest</strong></span> <span class='ocrx_word' id='word_1_366' title='bbox 1344 1513 1375 1543; x_wconf 89' lang='lat' dir='ltr'><strong>in</strong></span> <span class='ocrx_word' id='word_1_367' title='bbox 1395 1513 1566 1544; x_wconf 89' lang='lat' dir='ltr'><strong>nominibus</strong></span> <span class='ocrx_word' id='word_1_368' title='bbox 1586 1514 1746 1544; x_wconf 87' lang='lat' dir='ltr'><strong>consulum</strong></span> <span class='ocrx_word' id='word_1_369' title='bbox 1765 1522 1828 1544; x_wconf 88' lang='lat' dir='ltr'><strong>non</strong></span> 
     </span>
     <span class='ocr_line' id='line_1_29' title="bbox 137 1561 1827 1605; baseline -0.001 -10"><span class='ocrx_word' id='word_1_370' title='bbox 137 1564 343 1596; x_wconf 85' lang='lat' dir='ltr'><strong>sustulerunt.</strong></span> <span class='ocrx_word' id='word_1_371' title='bbox 383 1562 552 1592; x_wconf 85' lang='lat' dir='ltr'><strong>Lambinus</strong></span> <span class='ocrx_word' id='word_1_372' title='bbox 579 1562 660 1603; x_wconf 86' lang='lat' dir='ltr'><strong>quod</strong></span> <span class='ocrx_word' id='word_1_373' title='bbox 688 1562 894 1605; x_wconf 79' lang='lat' dir='ltr'><strong>„designatis</strong></span> <span class='ocrx_word' id='word_1_374' title='bbox 904 1561 925 1579; x_wconf 64' lang='lat'><strong>‘²</strong></span> <span class='ocrx_word' id='word_1_375' title='bbox 952 1563 1153 1604; x_wconf 65' lang='lat' dir='ltr'><strong>interposuit,</strong></span> <span class='ocrx_word' id='word_1_376' title='bbox 1185 1564 1254 1595; x_wconf 88' lang='lat' dir='ltr'><strong>sine</strong></span> <span class='ocrx_word' id='word_1_377' title='bbox 1280 1563 1343 1594; x_wconf 88' lang='lat' dir='ltr'><strong>ulla</strong></span> <span class='ocrx_word' id='word_1_378' title='bbox 1368 1563 1504 1594; x_wconf 87' lang='lat' dir='ltr'><strong>codicum</strong></span> <span class='ocrx_word' id='word_1_379' title='bbox 1530 1564 1716 1596; x_wconf 87' lang='lat' dir='ltr'><strong>auctoritate</strong></span> <span class='ocrx_word' id='word_1_380' title='bbox 1742 1563 1827 1596; x_wconf 82' lang='lat' dir='ltr'><strong>fecit.</strong></span> 
     </span>
     <span class='ocr_line' id='line_1_30' title="bbox 137 1613 1827 1657; baseline -0.001 -11"><span class='ocrx_word' id='word_1_381' title='bbox 137 1615 313 1646; x_wconf 87' lang='lat' dir='ltr'><strong>Arbitraria</strong></span> <span class='ocrx_word' id='word_1_382' title='bbox 333 1614 422 1654; x_wconf 73' lang='lat' dir='ltr'><strong>item,</strong></span> <span class='ocrx_word' id='word_1_383' title='bbox 452 1623 634 1653; x_wconf 84' lang='lat' dir='ltr'><strong>quamquam</strong></span> <span class='ocrx_word' id='word_1_384' title='bbox 654 1613 858 1644; x_wconf 84' lang='lat' dir='ltr'><strong>vehementer</strong></span> <span class='ocrx_word' id='word_1_385' title='bbox 877 1614 930 1644; x_wconf 81' lang='lat' dir='ltr'><strong>illa</strong></span> <span class='ocrx_word' id='word_1_386' title='bbox 952 1614 1073 1654; x_wconf 84' lang='lat' dir='ltr'><strong>quidem</strong></span> <span class='ocrx_word' id='word_1_387' title='bbox 1093 1615 1224 1654; x_wconf 83' lang='lat' dir='ltr'><strong>probata</strong></span> <span class='ocrx_word' id='word_1_388' title='bbox 1244 1615 1405 1645; x_wconf 88' lang='lat' dir='ltr'><strong>Tunstallo</strong></span> <span class='ocrx_word' id='word_1_389' title='bbox 1426 1613 1549 1657; x_wconf 81' lang='lat' dir='ltr'><strong>(Epist.</strong></span> <span class='ocrx_word' id='word_1_390' title='bbox 1570 1626 1600 1655; x_wconf 87' lang='lat' dir='ltr'><strong>p.</strong></span> <span class='ocrx_word' id='word_1_391' title='bbox 1622 1613 1699 1657; x_wconf 80' lang='lat'><strong>11),</strong></span> <span class='ocrx_word' id='word_1_392' title='bbox 1725 1616 1827 1647; x_wconf 88' lang='lat' dir='ltr'><strong>inter-</strong></span> 
     </span>
     <span class='ocr_line' id='line_1_31' title="bbox 136 1664 1827 1710; baseline 0 -12"><span class='ocrx_word' id='word_1_393' title='bbox 136 1666 270 1707; x_wconf 88' lang='lat' dir='ltr'><strong>pretatio</strong></span> <span class='ocrx_word' id='word_1_394' title='bbox 292 1675 366 1697; x_wconf 88' lang='lat' dir='ltr'><strong>esse</strong></span> <span class='ocrx_word' id='word_1_395' title='bbox 387 1664 523 1706; x_wconf 86' lang='lat' dir='ltr'><strong>videtur,</strong></span> <span class='ocrx_word' id='word_1_396' title='bbox 545 1674 636 1705; x_wconf 90' lang='lat' dir='ltr'><strong>quam</strong></span> <span class='ocrx_word' id='word_1_397' title='bbox 656 1665 765 1695; x_wconf 85' lang='lat' dir='ltr'><strong>Lamb.</strong></span> <span class='ocrx_word' id='word_1_398' title='bbox 787 1665 902 1695; x_wconf 90' lang='lat' dir='ltr'><strong>Bosius</strong></span> <span class='ocrx_word' id='word_1_399' title='bbox 924 1665 1050 1705; x_wconf 88' lang='lat' dir='ltr'><strong>protulit</strong></span> <span class='ocrx_word' id='word_1_400' title='bbox 1071 1664 1172 1706; x_wconf 72' lang='lat' dir='ltr'><strong>„Cum</strong></span> <span class='ocrx_word' id='word_1_401' title='bbox 1193 1665 1236 1696; x_wconf 87' lang='lat' dir='ltr'><strong>ait</strong></span> <span class='ocrx_word' id='word_1_402' title='bbox 1257 1664 1380 1705; x_wconf 85' lang='lat' dir='ltr'><strong>Cicero,</strong></span> <span class='ocrx_word' id='word_1_403' title='bbox 1402 1665 1543 1698; x_wconf 87' lang='lat' dir='ltr'><strong>Caesare</strong></span> <span class='ocrx_word' id='word_1_404' title='bbox 1564 1669 1596 1698; x_wconf 88' lang='lat' dir='ltr'><strong>et</strong></span> <span class='ocrx_word' id='word_1_405' title='bbox 1616 1667 1727 1710; x_wconf 79' lang='lat' dir='ltr'><strong>Figulo</strong></span> <span class='ocrx_word' id='word_1_406' title='bbox 1748 1676 1827 1698; x_wconf 90' lang='lat' dir='ltr'><strong>con-</strong></span> 
     </span>
     <span class='ocr_line' id='line_1_32' title="bbox 136 1715 1828 1760; baseline 0.001 -10"><span class='ocrx_word' id='word_1_407' title='bbox 136 1717 273 1758; x_wconf 73' lang='lat' dir='ltr'><strong>sulibus,</strong></span> <span class='ocrx_word' id='word_1_408' title='bbox 303 1726 365 1748; x_wconf 92' lang='lat' dir='ltr'><strong>non</strong></span> <span class='ocrx_word' id='word_1_409' title='bbox 385 1718 508 1757; x_wconf 87' lang='lat' dir='ltr'><strong>tempus</strong></span> <span class='ocrx_word' id='word_1_410' title='bbox 529 1718 634 1757; x_wconf 73' lang='lat' dir='ltr'><strong>notat,</strong></span> <span class='ocrx_word' id='word_1_411' title='bbox 666 1725 727 1757; x_wconf 88' lang='lat' dir='ltr'><strong>quo</strong></span> <span class='ocrx_word' id='word_1_412' title='bbox 747 1715 790 1747; x_wconf 90' lang='lat' dir='ltr'><strong>illi</strong></span> <span class='ocrx_word' id='word_1_413' title='bbox 811 1716 962 1758; x_wconf 91' lang='lat' dir='ltr'><strong>inierunt,</strong></span> <span class='ocrx_word' id='word_1_414' title='bbox 994 1715 1052 1749; x_wconf 88' lang='lat' dir='ltr'><strong>sed</strong></span> <span class='ocrx_word' id='word_1_415' title='bbox 1073 1725 1132 1757; x_wconf 88' lang='lat' dir='ltr'><strong>quo</strong></span> <span class='ocrx_word' id='word_1_416' title='bbox 1153 1716 1310 1760; x_wconf 80' lang='lat' dir='ltr'><strong>designati</strong></span> <span class='ocrx_word' id='word_1_417' title='bbox 1331 1719 1414 1749; x_wconf 88' lang='lat' dir='ltr'><strong>sunt.</strong></span> <span class='ocrx_word' id='word_1_418' title='bbox 1455 1717 1560 1750; x_wconf 87' lang='lat' dir='ltr'><strong>Voluit</strong></span> <span class='ocrx_word' id='word_1_419' title='bbox 1580 1718 1706 1751; x_wconf 90' lang='lat' dir='ltr'><strong>duarum</strong></span> <span class='ocrx_word' id='word_1_420' title='bbox 1726 1729 1828 1752; x_wconf 89' lang='lat' dir='ltr'><strong>rerum</strong></span> 
     </span>
     <span class='ocr_line' id='line_1_33' title="bbox 138 1767 1828 1811; baseline 0.001 -10"><span class='ocrx_word' id='word_1_421' title='bbox 138 1770 274 1801; x_wconf 81' lang='lat' dir='ltr'><strong>Atticum</strong></span> <span class='ocrx_word' id='word_1_422' title='bbox 295 1769 363 1800; x_wconf 84' lang='lat' dir='ltr'><strong>sieri</strong></span> <span class='ocrx_word' id='word_1_423' title='bbox 384 1768 567 1809; x_wconf 87' lang='lat' dir='ltr'><strong>certiorem,</strong></span> <span class='ocrx_word' id='word_1_424' title='bbox 600 1767 830 1811; x_wconf 81' lang='lat' dir='ltr'><strong>designationis</strong></span> <span class='ocrx_word' id='word_1_425' title='bbox 858 1768 1016 1799; x_wconf 90' lang='lat' dir='ltr'><strong>consulum</strong></span> <span class='ocrx_word' id='word_1_426' title='bbox 1038 1771 1070 1800; x_wconf 89' lang='lat' dir='ltr'><strong>et</strong></span> <span class='ocrx_word' id='word_1_427' title='bbox 1090 1768 1151 1800; x_wconf 88' lang='lat' dir='ltr'><strong>diei</strong></span> <span class='ocrx_word' id='word_1_428' title='bbox 1171 1769 1284 1800; x_wconf 86' lang='lat' dir='ltr'><strong>natalis</strong></span> <span class='ocrx_word' id='word_1_429' title='bbox 1305 1768 1391 1799; x_wconf 57' lang='lat' dir='ltr'><strong>sdiiJ‘</strong></span> <span class='ocrx_word' id='word_1_430' title='bbox 1431 1769 1647 1801; x_wconf 88' lang='lat' dir='ltr'><strong>Demonstrari</strong></span> <span class='ocrx_word' id='word_1_431' title='bbox 1668 1773 1748 1803; x_wconf 88' lang='lat' dir='ltr'><strong>enim</strong></span> <span class='ocrx_word' id='word_1_432' title='bbox 1768 1771 1828 1803; x_wconf 84' lang='lat' dir='ltr'><strong>de-</strong></span> 
     </span>
     <span class='ocr_line' id='line_1_34' title="bbox 138 1819 1828 1864; baseline 0.001 -13"><span class='ocrx_word' id='word_1_433' title='bbox 138 1822 250 1858; x_wconf 81' lang='lat' dir='ltr'><strong>bebat,</strong></span> <span class='ocrx_word' id='word_1_434' title='bbox 277 1828 393 1851; x_wconf 84' lang='lat' dir='ltr'><strong>revera</strong></span> <span class='ocrx_word' id='word_1_435' title='bbox 414 1821 458 1848; x_wconf 90' lang='lat' dir='ltr'><strong>ita</strong></span> <span class='ocrx_word' id='word_1_436' title='bbox 479 1819 539 1848; x_wconf 90' lang='lat' dir='ltr'><strong>dici</strong></span> <span class='ocrx_word' id='word_1_437' title='bbox 560 1828 579 1849; x_wconf 89' lang='lat' dir='ltr'><strong>a</strong></span> <span class='ocrx_word' id='word_1_438' title='bbox 600 1820 777 1859; x_wconf 74' lang='lat' dir='ltr'><strong>veteribus,</strong></span> <span class='ocrx_word' id='word_1_439' title='bbox 807 1822 840 1848; x_wconf 92' lang='lat' dir='ltr'><strong>ut</strong></span> <span class='ocrx_word' id='word_1_440' title='bbox 860 1828 921 1848; x_wconf 93' lang='lat' dir='ltr'><strong>non</strong></span> <span class='ocrx_word' id='word_1_441' title='bbox 943 1820 1121 1849; x_wconf 88' lang='lat' dir='ltr'><strong>consulibus</strong></span> <span class='ocrx_word' id='word_1_442' title='bbox 1142 1822 1257 1849; x_wconf 89' lang='lat' dir='ltr'><strong>tantum</strong></span> <span class='ocrx_word' id='word_1_443' title='bbox 1277 1821 1493 1862; x_wconf 82' lang='lat' dir='ltr'><strong>magistratum</strong></span> <span class='ocrx_word' id='word_1_444' title='bbox 1513 1823 1669 1864; x_wconf 85' lang='lat' dir='ltr'><strong>ingressis</strong></span> <span class='ocrx_word' id='word_1_445' title='bbox 1689 1822 1747 1853; x_wconf 86' lang='lat' dir='ltr'><strong>sed</strong></span> <span class='ocrx_word' id='word_1_446' title='bbox 1768 1823 1828 1853; x_wconf 90' lang='lat' dir='ltr'><strong>de-</strong></span> 
     </span>
     <span class='ocr_line' id='line_1_35' title="bbox 135 1868 1829 1916; baseline 0.001 -13"><span class='ocrx_word' id='word_1_447' title='bbox 135 1872 275 1913; x_wconf 84' lang='lat' dir='ltr'><strong>signatis</strong></span> <span class='ocrx_word' id='word_1_448' title='bbox 302 1880 426 1911; x_wconf 84' lang='lat' dir='ltr'><strong>quoque</strong></span> <span class='ocrx_word' id='word_1_449' title='bbox 454 1879 554 1901; x_wconf 87' lang='lat' dir='ltr'><strong>annos</strong></span> <span class='ocrx_word' id='word_1_450' title='bbox 582 1871 736 1901; x_wconf 80' lang='lat' dir='ltr'><strong>notarent.</strong></span> <span class='ocrx_word' id='word_1_451' title='bbox 777 1870 857 1900; x_wconf 90' lang='lat' dir='ltr'><strong>Nam</strong></span> <span class='ocrx_word' id='word_1_452' title='bbox 885 1870 935 1910; x_wconf 90' lang='lat' dir='ltr'><strong>qui</strong></span> <span class='ocrx_word' id='word_1_453' title='bbox 963 1881 981 1901; x_wconf 86' lang='lat' dir='ltr'><strong>a</strong></span> <span class='ocrx_word' id='word_1_454' title='bbox 1002 1870 1164 1901; x_wconf 82' lang='lat' dir='ltr'><strong>Tunstallo</strong></span> <span class='ocrx_word' id='word_1_455' title='bbox 1192 1868 1250 1912; x_wconf 80' lang='lat' dir='ltr'><strong>(p.</strong></span> <span class='ocrx_word' id='word_1_456' title='bbox 1278 1872 1315 1902; x_wconf 82' lang='lat'><strong>10</strong></span> <span class='ocrx_word' id='word_1_457' title='bbox 1341 1874 1373 1903; x_wconf 90' lang='lat' dir='ltr'><strong>et</strong></span> <span class='ocrx_word' id='word_1_458' title='bbox 1399 1869 1463 1914; x_wconf 83' lang='lat'><strong>11)</strong></span> <span class='ocrx_word' id='word_1_459' title='bbox 1485 1872 1572 1903; x_wconf 87' lang='lat' dir='ltr'><strong>allati</strong></span> <span class='ocrx_word' id='word_1_460' title='bbox 1591 1876 1665 1904; x_wconf 91' lang='lat' dir='ltr'><strong>sunt</strong></span> <span class='ocrx_word' id='word_1_461' title='bbox 1686 1874 1745 1905; x_wconf 90' lang='lat' dir='ltr'><strong>loci</strong></span> <span class='ocrx_word' id='word_1_462' title='bbox 1766 1871 1829 1916; x_wconf 82' lang='lat' dir='ltr'><strong>(ad</strong></span> 
     </span>
     <span class='ocr_line' id='line_1_36' title="bbox 138 1918 1828 1963; baseline 0.001 -9"><span class='ocrx_word' id='word_1_463' title='bbox 138 1924 203 1954; x_wconf 80' lang='lat' dir='ltr'><strong>Att.</strong></span> <span class='ocrx_word' id='word_1_464' title='bbox 225 1922 290 1963; x_wconf 83' lang='lat' dir='ltr'><strong>vl,</strong></span> <span class='ocrx_word' id='word_1_465' title='bbox 311 1923 341 1953; x_wconf 85' lang='lat'><strong>8.</strong></span> <span class='ocrx_word' id='word_1_466' title='bbox 382 1921 516 1961; x_wconf 89' lang='lat' dir='ltr'><strong>Phlilpp.</strong></span> <span class='ocrx_word' id='word_1_467' title='bbox 537 1920 630 1962; x_wconf 87' lang='lat' dir='ltr'><strong>XIV,</strong></span> <span class='ocrx_word' id='word_1_468' title='bbox 651 1918 692 1963; x_wconf 84' lang='lat'><strong>3]</strong></span> <span class='ocrx_word' id='word_1_469' title='bbox 714 1929 776 1951; x_wconf 90' lang='lat' dir='ltr'><strong>non</strong></span> <span class='ocrx_word' id='word_1_470' title='bbox 796 1921 839 1952; x_wconf 88' lang='lat' dir='ltr'><strong>ita</strong></span> <span class='ocrx_word' id='word_1_471' title='bbox 860 1921 1028 1961; x_wconf 83' lang='lat' dir='ltr'><strong>comparati</strong></span> <span class='ocrx_word' id='word_1_472' title='bbox 1047 1921 1201 1963; x_wconf 77' lang='lat' dir='ltr'><strong>w&#39;dentur,</strong></span> <span class='ocrx_word' id='word_1_473' title='bbox 1223 1924 1256 1953; x_wconf 90' lang='lat' dir='ltr'><strong>ut</strong></span> <span class='ocrx_word' id='word_1_474' title='bbox 1277 1921 1315 1953; x_wconf 89' lang='lat' dir='ltr'><strong>ad</strong></span> <span class='ocrx_word' id='word_1_475' title='bbox 1336 1931 1401 1955; x_wconf 93' lang='lat' dir='ltr'><strong>rem</strong></span> <span class='ocrx_word' id='word_1_476' title='bbox 1420 1922 1514 1963; x_wconf 86' lang='lat' dir='ltr'><strong>plane</strong></span> <span class='ocrx_word' id='word_1_477' title='bbox 1534 1923 1660 1955; x_wconf 81' lang='lat' dir='ltr'><strong>saciant.</strong></span> <span class='ocrx_word' id='word_1_478' title='bbox 1702 1923 1828 1956; x_wconf 90' lang='lat' dir='ltr'><strong>Consu-</strong></span> 
     </span>
    </p>
   </div>
   <div class='ocr_carea' id='block_1_2' title="bbox 215 2025 1831 2230">
    <p class='ocr_par' dir='ltr' id='par_1_4' title="bbox 215 2025 515 2054">
     <span class='ocr_line' id='line_1_37' title="bbox 215 2025 515 2054; baseline -0.01 -5"><span class='ocrx_word' id='word_1_479' title='bbox 215 2027 242 2054; x_wconf 88' lang='lat'><strong>1)</strong></span> <span class='ocrx_word' id='word_1_480' title='bbox 275 2027 383 2049; x_wconf 78' lang='lat' dir='ltr'><strong>Sallust.</strong></span> <span class='ocrx_word' id='word_1_481' title='bbox 401 2025 458 2048; x_wconf 81' lang='lat' dir='ltr'><strong>Cat.</strong></span> <span class='ocrx_word' id='word_1_482' title='bbox 478 2025 515 2047; x_wconf 88' lang='lat'><strong>17.</strong></span> 
     </span>
    </p>

    <p class='ocr_par' dir='ltr' id='par_1_5' title="bbox 215 2068 1831 2230">
     <span class='ocr_line' id='line_1_38' title="bbox 215 2068 1831 2100; baseline 0.002 -7"><span class='ocrx_word' id='word_1_483' title='bbox 215 2071 243 2097; x_wconf 71' lang='lat'><strong>2)</strong></span> <span class='ocrx_word' id='word_1_484' title='bbox 276 2071 392 2099; x_wconf 77' lang='lat' dir='ltr'><strong>Apparet</strong></span> <span class='ocrx_word' id='word_1_485' title='bbox 410 2069 503 2098; x_wconf 84' lang='lat' dir='ltr'><strong>igitur,</strong></span> <span class='ocrx_word' id='word_1_486' title='bbox 526 2068 672 2091; x_wconf 78' lang='lat' dir='ltr'><strong>Ferratium</strong></span> <span class='ocrx_word' id='word_1_487' title='bbox 690 2069 787 2097; x_wconf 79' lang='lat' dir='ltr'><strong>(Epist.</strong></span> <span class='ocrx_word' id='word_1_488' title='bbox 806 2069 858 2099; x_wconf 86' lang='lat'><strong>111,</strong></span> <span class='ocrx_word' id='word_1_489' title='bbox 880 2068 911 2092; x_wconf 78' lang='lat'><strong>12</strong></span> <span class='ocrx_word' id='word_1_490' title='bbox 928 2076 951 2097; x_wconf 88' lang='lat' dir='ltr'><strong>p.</strong></span> <span class='ocrx_word' id='word_1_491' title='bbox 970 2069 1045 2097; x_wconf 77' lang='lat'><strong>208),</strong></span> <span class='ocrx_word' id='word_1_492' title='bbox 1068 2069 1116 2092; x_wconf 87' lang='lat' dir='ltr'><strong>hoc</strong></span> <span class='ocrx_word' id='word_1_493' title='bbox 1133 2069 1214 2098; x_wconf 81' lang='lat' dir='ltr'><strong>ipsum</strong></span> <span class='ocrx_word' id='word_1_494' title='bbox 1232 2073 1367 2100; x_wconf 81' lang='lat' dir='ltr'><strong>agentem,</strong></span> <span class='ocrx_word' id='word_1_495' title='bbox 1389 2073 1418 2094; x_wconf 89' lang='lat' dir='ltr'><strong>ut</strong></span> <span class='ocrx_word' id='word_1_496' title='bbox 1434 2071 1459 2095; x_wconf 87' lang='lat' dir='ltr'><strong>in</strong></span> <span class='ocrx_word' id='word_1_497' title='bbox 1476 2072 1590 2100; x_wconf 86' lang='lat' dir='ltr'><strong>epistola</strong></span> <span class='ocrx_word' id='word_1_498' title='bbox 1606 2072 1652 2096; x_wconf 82' lang='lat' dir='ltr'><strong>illa</strong></span> <span class='ocrx_word' id='word_1_499' title='bbox 1668 2074 1699 2096; x_wconf 78' lang='lat' dir='ltr'><strong>ad</strong></span> <span class='ocrx_word' id='word_1_500' title='bbox 1717 2074 1831 2096; x_wconf 77' lang='lat' dir='ltr'><strong>Atticum</strong></span> 
     </span>
     <span class='ocr_line' id='line_1_39' title="bbox 278 2100 1831 2145; baseline 0.002 -8"><span class='ocrx_word' id='word_1_501' title='bbox 278 2113 346 2143; x_wconf 82' lang='lat' dir='ltr'><strong>quod</strong></span> <span class='ocrx_word' id='word_1_502' title='bbox 364 2112 459 2136; x_wconf 86' lang='lat' dir='ltr'><strong>Cicero</strong></span> <span class='ocrx_word' id='word_1_503' title='bbox 476 2110 586 2135; x_wconf 82' lang='lat' dir='ltr'><strong>dixisset</strong></span> <span class='ocrx_word' id='word_1_504' title='bbox 603 2111 635 2134; x_wconf 89' lang='lat' dir='ltr'><strong>de</strong></span> <span class='ocrx_word' id='word_1_505' title='bbox 652 2111 813 2136; x_wconf 79' lang='lat' dir='ltr'><strong>defendendo</strong></span> <span class='ocrx_word' id='word_1_506' title='bbox 831 2111 957 2141; x_wconf 82' lang='lat' dir='ltr'><strong>Catilina,</strong></span> <span class='ocrx_word' id='word_1_507' title='bbox 975 2111 1014 2135; x_wconf 90' lang='lat' dir='ltr'><strong>illi</strong></span> <span class='ocrx_word' id='word_1_508' title='bbox 1031 2112 1097 2142; x_wconf 87' lang='lat' dir='ltr'><strong>quod</strong></span> <span class='ocrx_word' id='word_1_509' title='bbox 1113 2112 1226 2136; x_wconf 82' lang='lat' dir='ltr'><strong>habitum</strong></span> <span class='ocrx_word' id='word_1_510' title='bbox 1242 2115 1283 2136; x_wconf 84' lang='lat' dir='ltr'><strong>est</strong></span> <span class='ocrx_word' id='word_1_511' title='bbox 1300 2113 1415 2138; x_wconf 84' lang='lat' dir='ltr'><strong>Caesare</strong></span> <span class='ocrx_word' id='word_1_512' title='bbox 1432 2116 1459 2138; x_wconf 90' lang='lat' dir='ltr'><strong>et</strong></span> <span class='ocrx_word' id='word_1_513' title='bbox 1475 2114 1570 2145; x_wconf 80' lang='lat' dir='ltr'><strong>Figulo</strong></span> <span class='ocrx_word' id='word_1_514' title='bbox 1587 2121 1658 2140; x_wconf 86' lang='lat' dir='ltr'><strong>cons.</strong></span> <span class='ocrx_word' id='word_1_515' title='bbox 1675 2116 1744 2140; x_wconf 85' lang='lat' dir='ltr'><strong>inter</strong></span> <span class='ocrx_word' id='word_1_516' title='bbox 1760 2100 1831 2140; x_wconf 73' lang='lat' dir='ltr'><strong>sica-</strong></span> 
     </span>
     <span class='ocr_line' id='line_1_40' title="bbox 277 2154 1831 2192; baseline 0.003 -11"><span class='ocrx_word' id='word_1_517' title='bbox 277 2157 332 2181; x_wconf 86' lang='lat' dir='ltr'><strong>rios</strong></span> <span class='ocrx_word' id='word_1_518' title='bbox 345 2155 447 2187; x_wconf 82' lang='lat' dir='ltr'><strong>judicio</strong></span> <span class='ocrx_word' id='word_1_519' title='bbox 464 2154 623 2186; x_wconf 82' lang='lat' dir='ltr'><strong>vindicaret,</strong></span> <span class='ocrx_word' id='word_1_520' title='bbox 649 2155 747 2179; x_wconf 86' lang='lat' dir='ltr'><strong>erroris</strong></span> <span class='ocrx_word' id='word_1_521' title='bbox 768 2156 934 2179; x_wconf 80' lang='lat' dir='ltr'><strong>manifestum</strong></span> <span class='ocrx_word' id='word_1_522' title='bbox 956 2162 1030 2186; x_wconf 85' lang='lat' dir='ltr'><strong>esse,</strong></span> <span class='ocrx_word' id='word_1_523' title='bbox 1058 2162 1207 2186; x_wconf 84' lang='lat' dir='ltr'><strong>quamquam</strong></span> <span class='ocrx_word' id='word_1_524' title='bbox 1223 2157 1364 2181; x_wconf 76' lang='lat' dir='ltr'><strong>Ascanium</strong></span> <span class='ocrx_word' id='word_1_525' title='bbox 1386 2158 1507 2183; x_wconf 86' lang='lat' dir='ltr'><strong>Ciceroni</strong></span> <span class='ocrx_word' id='word_1_526' title='bbox 1529 2159 1663 2185; x_wconf 78' lang='lat' dir='ltr'><strong>Orelliauo</strong></span> <span class='ocrx_word' id='word_1_527' title='bbox 1683 2159 1831 2192; x_wconf 79' lang='lat' dir='ltr'><strong>adjunctum</strong></span> 
     </span>
     <span class='ocr_line' id='line_1_41' title="bbox 277 2199 1342 2230; baseline 0 -7"><span class='ocrx_word' id='word_1_528' title='bbox 277 2201 320 2230; x_wconf 87' lang='lat' dir='ltr'><strong>qui</strong></span> <span class='ocrx_word' id='word_1_529' title='bbox 337 2201 462 2223; x_wconf 80' lang='lat' dir='ltr'><strong>edendum</strong></span> <span class='ocrx_word' id='word_1_530' title='bbox 479 2199 582 2222; x_wconf 83' lang='lat' dir='ltr'><strong>curavit</strong></span> <span class='ocrx_word' id='word_1_531' title='bbox 598 2200 639 2222; x_wconf 88' lang='lat' dir='ltr'><strong>vir</strong></span> <span class='ocrx_word' id='word_1_532' title='bbox 655 2200 762 2228; x_wconf 76' lang='lat' dir='ltr'><strong>doctus,</strong></span> <span class='ocrx_word' id='word_1_533' title='bbox 780 2200 888 2228; x_wconf 81' lang='lat' dir='ltr'><strong>egregie</strong></span> <span class='ocrx_word' id='word_1_534' title='bbox 905 2205 963 2222; x_wconf 89' lang='lat' dir='ltr'><strong>eum</strong></span> <span class='ocrx_word' id='word_1_535' title='bbox 979 2205 1033 2222; x_wconf 83' lang='lat' dir='ltr'><strong>rem</strong></span> <span class='ocrx_word' id='word_1_536' title='bbox 1050 2199 1185 2222; x_wconf 81' lang='lat' dir='ltr'><strong>diremisse</strong></span> <span class='ocrx_word' id='word_1_537' title='bbox 1202 2201 1342 2223; x_wconf 83' lang='lat' dir='ltr'><strong>contendit.</strong></span> 
     </span>
    </p>
   </div>
   <div class='ocr_carea' id='block_1_3' title="bbox 213 2239 1529 2316">
    <p class='ocr_par' dir='ltr' id='par_1_6' title="bbox 213 2239 1529 2316">
     <span class='ocr_line' id='line_1_42' title="bbox 213 2239 1529 2275; baseline 0.002 -7"><span class='ocrx_word' id='word_1_538' title='bbox 213 2244 242 2272; x_wconf 73' lang='lat'><strong>³)</strong></span> <span class='ocrx_word' id='word_1_539' title='bbox 276 2243 408 2275; x_wconf 86' lang='lat' dir='ltr'><strong>„Delectu</strong></span> <span class='ocrx_word' id='word_1_540' title='bbox 424 2242 509 2273; x_wconf 84' lang='lat' dir='ltr'><strong>edito,</strong></span> <span class='ocrx_word' id='word_1_541' title='bbox 524 2239 647 2273; x_wconf 85' lang='lat' dir='ltr'><strong>juniores</strong></span> <span class='ocrx_word' id='word_1_542' title='bbox 663 2242 695 2267; x_wconf 78' lang='lat' dir='ltr'><strong>ab</strong></span> <span class='ocrx_word' id='word_1_543' title='bbox 712 2242 787 2267; x_wconf 82' lang='lat' dir='ltr'><strong>annis</strong></span> <span class='ocrx_word' id='word_1_544' title='bbox 804 2242 987 2272; x_wconf 82' lang='lat' dir='ltr'><strong>septemdecim</strong></span> <span class='ocrx_word' id='word_1_545' title='bbox 1004 2244 1031 2266; x_wconf 84' lang='lat' dir='ltr'><strong>et</strong></span> <span class='ocrx_word' id='word_1_546' title='bbox 1047 2242 1170 2273; x_wconf 82' lang='lat' dir='ltr'><strong>quosdam</strong></span> <span class='ocrx_word' id='word_1_547' title='bbox 1187 2246 1366 2273; x_wconf 76' lang='lat' dir='ltr'><strong>praetextatos</strong></span> <span class='ocrx_word' id='word_1_548' title='bbox 1384 2244 1529 2270; x_wconf 79' lang='lat' dir='ltr'><strong>scribunt.“</strong></span> 
     </span>
     <span class='ocr_line' id='line_1_43' title="bbox 214 2286 607 2316; baseline -0.005 -5"><span class='ocrx_word' id='word_1_549' title='bbox 214 2288 242 2315; x_wconf 72' lang='lat'><strong>4)</strong></span> <span class='ocrx_word' id='word_1_550' title='bbox 275 2287 406 2312; x_wconf 64' lang='lat' dir='ltr'><strong>Tuast-11.</strong></span> <span class='ocrx_word' id='word_1_551' title='bbox 424 2287 508 2316; x_wconf 68' lang='lat' dir='ltr'><strong>Epist.</strong></span> <span class='ocrx_word' id='word_1_552' title='bbox 525 2292 551 2316; x_wconf 72' lang='grc' dir='ltr'><strong>ρ.</strong></span> <span class='ocrx_word' id='word_1_553' title='bbox 568 2286 607 2310; x_wconf 84' lang='grc'><strong>11.</strong></span> 
     </span>
    </p>
   </div>
  </div>
 </body>
</html>
