1998 2542
966 39 1005 80 4

141 127 347 170 objiceretur,
377 129 510 168 eratque
531 126 687 158 absoluta.
728 126 819 159 Haec
838 127 953 169 Fabia,
981 126 1054 167 quia
1072 133 1163 156 soror
1182 125 1253 157 erat
1272 122 1441 155 Terentiae
1462 119 1642 161 Ciceronis,
1673 120 1719 152 ita
1737 119 1833 152 dixit:

142 178 264 210 etiamsi
284 178 375 219 culpa
395 178 480 209 nulla
500 178 660 210 subesset.
700 179 749 210 Ita
769 180 802 210 et
821 179 887 209 suis
907 178 1063 219 pepercit,
1094 178 1126 208 et
1152 175 1246 207 nilnlo
1271 175 1372 207 levius
1399 174 1519 205 inimico
1547 172 1655 204 summi
1676 173 1832 213 opprobrii

140 229 357 270 turpitudinem
384 228 532 269 objecit.“
573 229 623 260 Ad
649 229 778 261 eandem
805 238 881 261 vero
909 238 1035 260 causam
1059 227 1195 269 pertinet
1219 226 1307 257 locus
1335 224 1374 264 Q.
1402 223 1565 257 Ciceronis
1591 223 1632 256 de
1657 226 1722 265 pet.
1743 233 1833 255 cons.

142 289 170 312 c.
189 282 220 312 3.
261 281 414 322 „Nullum
434 281 465 311 in
485 280 585 311 locum
606 283 669 311 tam
689 283 830 312 sanctum
851 290 888 312 ac
909 283 970 312 tam
990 280 1170 323 religiosum
1190 278 1345 319 accessit,
1376 277 1408 308 in
1428 285 1488 317 quo
1514 284 1592 318 non,
1628 276 1690 308 etsi
1709 276 1742 307 in
1761 276 1833 308 aliis

142 331 235 373 culpa
254 342 317 364 non
338 335 444 373 esset,
466 335 570 364 tamen
591 342 633 364 ex
652 342 711 364 sua
731 333 868 374 nequitia
888 332 1051 364 dedecoris
1071 331 1279 372 suspicionem
1298 325 1523 370 relinqueretf‘

282 383 320 415 In
342 393 402 425 quo
424 393 511 416 error
531 375 657 425 primum
677 393 738 415 non
758 382 1051 425 praetermittendus
1072 392 1146 415 esse
1166 381 1304 424 videtur,
1336 381 1387 423 qui
1414 389 1434 412 a
1453 379 1591 411 Manutio
1617 379 1687 411 olim
1713 379 1832 412 admis-

142 444 198 466 sus
225 433 288 477 (ad
309 437 375 467 Att.
396 437 428 478 l,
456 438 509 478 19,
534 433 595 478 9),
626 436 790 467 Tunstallo
816 445 938 477 quoque
965 433 1087 477 (Epist.
1108 434 1147 466 ad
1166 433 1272 465 Middl.
1292 444 1323 475 p.
1343 430 1404 475 2⁷)
1425 432 1578 473 imposuit.
1620 431 1732 464 Cicero
1752 433 1834 465 enim

143 495 252 527 quum,
284 489 318 517 ut
344 490 489 519 senatum
514 487 554 519 de
583 487 726 518 absoluto
748 486 858 518 Clodio
886 486 1117 527 consolaretur,
1147 486 1197 516 bis
1214 483 1249 527 ¹]
1270 484 1443 517 absolutum
1469 492 1544 515 esse
1569 483 1751 526 Lentulum,
1784 485 1833 517 bis

144 536 310 569 Catilinam
336 538 566 579 admonuisset,
598 538 636 570 de
663 537 813 568 industria
839 537 897 569 hoc
917 537 1030 569 factum
1056 546 1128 569 esse
1154 537 1310 568 Manutius
1340 534 1512 576 contendit,
1544 537 1577 565 ut
1601 535 1724 567 tertiam
1749 536 1833 568 illam

145 587 302 622 Catilinae
323 590 549 622 absolutionem
570 589 694 622 silentio
715 589 995 631 praetermitteret,
1024 599 1064 622 ne
1084 589 1201 621 Fabiae
1221 587 1383 629 videlicet,
1405 586 1572 619 Terentiae
1594 587 1700 618 uxoris
1720 588 1832 631 sorori,

142 642 264 681 turpem
284 641 491 682 impudicitiae
512 643 615 672 notam
636 641 790 681 inureret,
818 641 923 680 itaque
944 640 1182 682 adstipulantem
1201 640 1307 671 habu'it
1326 639 1536 680 Tunstallum,
1563 640 1597 668 ut
1616 642 1833 682 argumentum

145 690 244 733 adeo,
276 692 359 733 qnod
387 702 428 724 ex
454 693 579 725 silentio
601 691 764 723 Ciceronis
789 691 828 723 de
850 691 985 723 Catilina
1012 692 1043 722 in
1064 701 1161 723 causa
1180 690 1419 733 repetundarum
1438 699 1458 721 a
1477 699 1514 721 se
1534 689 1666 722 defenso
1686 691 1833 732 repetivit

147 742 317 785 Asconius,
338 743 412 776 inde
433 743 518 775 nihili
540 753 614 776 esse
635 743 873 775 demonstraret.
909 742 1049 784 Uterque
1069 752 1145 774 vero
1166 743 1196 773 in
1217 751 1256 774 eo
1275 742 1375 773 salsus
1396 744 1457 783 est,
1479 741 1559 783 quod
1580 741 1619 774 dc
1639 742 1737 773 Fabia
1756 745 1833 774 tan-

144 797 208 824 tum
227 795 281 825 illa
301 796 333 825 in
347 794 495 834 judicium
514 798 644 837 vocata,
656 804 821 834 ,nusquam
841 794 880 825 de
902 793 1038 826 Catilina
1057 803 1158 826 sermo
1179 796 1246 835 est,
1272 796 1305 824 ut
1325 793 1383 824 hoc
1403 793 1513 825 saltem
1533 793 1602 825 loco
1623 792 1697 825 nihil
1718 792 1832 826 Cicero

143 844 183 877 de
203 845 356 876 industria
377 846 515 877 tacuisse
535 846 686 878 videatur.

284 897 412 929 Fabiam
433 897 502 937 quis
522 896 712 938 defenderit,
744 899 841 927 utrum
863 897 931 938 ipse
953 896 1082 939 Cicero,
1114 907 1203 939 quem
1223 896 1401 930 Terentiam
1426 898 1486 937 jam
1506 898 1579 929 ante
1599 896 1659 928 iter
1678 896 1718 928 ab
1739 905 1778 929 eo
1798 897 1831 929 in

144 946 310 980 Graeciam
331 950 364 979 ct
385 948 491 979 Asiam
511 951 689 990 susceptum
710 957 838 979 uxorem
859 947 1004 990 duxisse,
1024 951 1109 980 recte
1130 958 1149 980 a
1169 948 1331 980 'l'nnstallo
1352 947 1481 980 docetur
1500 945 1624 991 (Epist.
1644 958 1674 990 p.
1697 947 1768 993 12),
1789 959 1830 982 an

143 999 224 1029 alius
238 1000 402 1041 quispiam,
424 1000 455 1029 in
470 1000 568 1030 medio
584 999 817 1040 relinquendum
832 1002 893 1030 est.
919 1000 978 1030 Illa
993 1009 1066 1031 vero
1082 1001 1108 1030 si
1123 1003 1270 1031 accusata
1284 1003 1336 1043 est
1349 1009 1387 1031 eo
1402 1003 1551 1040 tempore,
1575 1009 1635 1040 quo
1650 1003 1713 1031 tum
1726 1004 1833 1032 orator

144 1050 256 1082 Cicero
269 1052 481 1083 inclarescere
496 1052 673 1091 coepisset,
695 1055 758 1081 tum
779 1051 957 1082 Terentiam
977 1052 1007 1082 in
1022 1052 1239 1083 matrimonium
1253 1051 1412 1092 duxisset,
1433 1051 1504 1092 quid
1518 1052 1719 1094 probabilius,
1741 1062 1832 1093 quam

142 1101 181 1133 ad
198 1101 361 1134 Ciceronis
375 1102 567 1142 potissimum
582 1111 651 1134 eam
665 1102 872 1142 eloquentiam
888 1097 1096 1144 confugisse?
1110 1102 1149 1134 cf.
1164 1102 1317 1133 Plutarch.
1344 1101 1414 1134 Cat.
1428 1102 1498 1134 min.
1513 1112 1540 1134 c.
1557 1104 1603 1134 19.
1630 1103 1757 1135 Fabiam
1771 1114 1832 1135 au-

142 1155 204 1184 tem
217 1153 288 1184 sive
302 1152 442 1184 defendit
457 1151 581 1193 Cicero,
602 1153 672 1184 sive
686 1161 747 1182 non
762 1152 911 1193 defendit,
933 1153 1006 1183 illud
1021 1156 1112 1184 extra
1132 1153 1350 1184 dubitationem
1365 1154 1495 1193 positum
1517 1163 1591 1185 esse
1605 1154 1738 1196 videtur,
1759 1165 1830 1186 ma-

141 1203 195 1247 gis
220 1204 397 1236 inimicitiae
425 1213 516 1245 quam
542 1204 696 1236 amicitiae
724 1203 875 1243 ejusmodi
901 1213 966 1236 rem
993 1213 1118 1236 causam
1146 1214 1219 1237 esse
1244 1204 1395 1245 potuisse.
1409 1206 1443 1244 ²)
1483 1204 1614 1237 Infamia
1640 1215 1735 1249 vero,
1770 1216 1833 1248 qua

281 1316 313 1339 de
330 1315 427 1339 eisdem
445 1315 588 1345 virginibus
605 1317 756 1346 quaereret,
779 1316 853 1345 isque
870 1318 897 1339 et
912 1317 1045 1345 utramque
1062 1322 1117 1339 eam
1134 1318 1160 1339 et
1176 1318 1313 1345 praeterea
1328 1317 1475 1345 complures
1491 1317 1571 1347 alias,
1594 1318 1673 1341 nimia
1689 1318 1781 1349 etiam,
1803 1322 1833 1342 ut

281 1359 441 1384 existimatio
458 1362 514 1389 est,
531 1359 677 1388 asperitate
693 1366 772 1390 usus,
789 1359 947 1384 damnavstf‘
980 1360 1049 1384 ldem
1066 1360 1132 1384 enim
1145 1358 1269 1391 judicium
1286 1360 1369 1384 fuisse
1386 1362 1474 1392 patet,
1491 1361 1517 1386 in
1534 1368 1584 1392 quo
1601 1362 1714 1387 Crassus
1731 1365 1830 1394 orator,

282 1406 383 1432 septem
401 1406 427 1426 et
444 1403 537 1432 viginti
553 1409 637 1426 annos
654 1406 745 1432 natus,
772 1404 897 1427 Liciniam
914 1398 1040 1433 virginem
1062 1404 1176 1427 defendit
1192 1404 1260 1432 (Cic.
1277 1406 1348 1428 Brut.
1367 1405 1406 1434 ⁴23,
1424 1405 1494 1432 160).
1528 1405 1625 1429 Contra
1641 1407 1774 1435 pertinere
1790 1407 1832 1431 vi-

281 1447 357 1470 detur
373 1448 405 1470 ad
422 1447 493 1470 illum
511 1446 639 1470 orationis
657 1446 827 1471 Catilinariae
844 1447 929 1470 locum
947 1447 1074 1476 virginum
1092 1447 1156 1471 illud
1168 1445 1308 1478 judicium,
1333 1454 1365 1471 ex
1388 1455 1438 1478 quo
1454 1450 1489 1473 Μ.
1506 1449 1567 1473 Piso
1589 1455 1707 1480 maguam
1730 1451 1833 1475 laudem

281 1491 391 1520 adeptus
408 1496 468 1514 esse
484 1490 576 1514 fertur.
610 1489 678 1519 (Cic.
695 1491 766 1514 Brut.
784 1490 829 1520 67,
852 1491 920 1518 286).
953 1491 1009 1515 Hoc
1026 1491 1049 1515 si
1065 1491 1097 1515 ad
1113 1490 1218 1516 Fabiam
1235 1497 1334 1523 qnoque
1350 1492 1426 1516 istam
1445 1492 1602 1524 pertineret,
1627 1496 1731 1523 pateret
1746 1494 1832 1525 simul,

278 1540 330 1563 qno
346 1540 415 1556 anno
432 1540 464 1556 ea
480 1534 602 1557 absoluta
618 1534 707 1556 fuerit.
740 1534 884 1556 peculiaris
900 1537 986 1557 autem
1003 1541 1082 1558 causa
1106 1534 1188 1556 misse
1204 1535 1306 1558 videtur
1322 1536 1430 1565 Fabiae,
1458 1539 1485 1559 et
1501 1537 1626 1566 Catilina,
1652 1538 1694 1567 qui
1716 1545 1785 1561 anno
1802 1539 1834 1561 88

278 1584 304 1601 a.
322 1576 381 1601 Chr.
399 1579 505 1605 praetor
521 1578 580 1607 fnit,
597 1584 672 1607 quum
689 1578 847 1601 adolescens
863 1584 917 1601 rem
935 1584 991 1601 curn
1009 1584 1041 1602 ea
1057 1577 1177 1601 habuisse
1194 1578 1303 1608 dicatur,
1321 1580 1386 1602 haud
1404 1579 1479 1603 dubie
1494 1581 1629 1610 aliquanto
1647 1582 1726 1611 prior.
1759 1583 1832 1606 Unde

279 1622 385 1650 praeter
400 1620 477 1644 locos
493 1625 574 1649 supra
596 1620 693 1644 allatos
715 1620 779 1645 nibil
796 1620 886 1645 facere
907 1620 1009 1645 videtur
1029 1621 1061 1645 ad
1082 1620 1152 1645 illam
1169 1620 1263 1645 Fabiae
1285 1627 1405 1653 causam,
1431 1622 1482 1647 nisi
1502 1622 1635 1649 Plutarchi
1656 1624 1732 1649 locus
1754 1624 1830 1654 (Cat.

279 1664 340 1687 min.
359 1670 382 1686 e.
401 1664 431 1686 19
448 1664 483 1686 cf.
500 1664 603 1686 Fen-rat.
619 1664 702 1691 Epist.
721 1664 772 1693 lll,
796 1665 839 1692 12,
861 1671 884 1692 p.
903 1665 977 1693 20³),
1003 1665 1045 1687 ubi
1063 1665 1128 1688 Cato
1145 1665 1238 1688 dicitur
1255 1665 1349 1700 ἔνο-τάς
1373 1677 1437 1694 nou
1459 1667 1581 1706 Κλωδίῳ
1602 1667 1641 1706 ‘tq‘i
1666 1668 1834 1707 δημαγωγῷ

278 1714 395 1744 κινοῦντι
415 1718 462 1744 καὶ
482 1715 640 1754 ταράττοντι
658 1717 793 1752 μεγάλων
812 1715 900 1754 ἀρχὰς
920 1715 1112 1754 νεωτερισμῶν
1136 1719 1182 1745 καὶ
1207 1715 1386 1754 διαβάλλοντι
1411 1717 1482 1757 πρὸς
1506 1718 1552 1748 τὸν
1572 1718 1663 1756 δῆμον
1682 1721 1767 1760 ἱερεῖς
1785 1724 1833 1751 καὶ

280 1766 399 1806 ἱερείας,
422 1766 452 1796 ἒν
472 1765 515 1801 οἷς
533 1769 582 1795 καὶ
599 1766 714 1803 Φαβία,
738 1768 885 1806 Τερεντίας
906 1765 1015 1805 ἀδελφὴ
1029 1766 1074 1803 τῆς
1094 1768 1251 1806 Κικέρωνος
1270 1768 1398 1805 γυναικὸς
1417 1768 1600 1806 ἐκινδύνευσε,
1621 1770 1666 1801 τὸν
1678 1773 1731 1809 μὲν
1745 1772 1832 1802 Κλώ-

280 1817 343 1847 διον
364 1818 476 1856 αἰσχύνῃ
497 1817 667 1856 περιβαλών,
690 1817 844 1855 ἠνάγκασεν
864 1813 1027 1854 ὑπεκστῆναι
1046 1818 1091 1854 τῆς
1110 1819 1217 1854 πόλεως
1222 1841 1233 1854 ‚
1253 1820 1300 1848 τοῦ
1319 1820 1350 1849 δὲ
1372 1822 1530 1860 Κικέρωνος
1550 1822 1783 1862 εὐχαριστοῦντος,
1802 1824 1834 1863 τῇ

278 1868 360 1898 πόλει
380 1868 439 1897 δεῖν
460 1870 544 1907 ἔχειν,
578 1869 648 1907 ἔφη,
671 1869 754 1908 χάριν
774 1868 872 1904 αὐτὸν,
903 1868 942 1904 ὥς
963 1868 1065 1905 ἐκείνης
1084 1871 1163 1898 ἕνεκα
1183 1871 1269 1899 πάντα
1288 1870 1376 1900 ποιῶν
1396 1875 1443 1900 καῖ
1462 1874 1682 1911 πολιτευόμενος.
1726 1884 1765 1907 De
1782 1890 1832 1914 quo

278 1920 340 1944 loco
356 1922 448 1948 aperte
465 1920 550 1943 salsus
568 1923 609 1943 est
626 1920 760 1943 Ferratius
777 1921 795 1943 l.
814 1921 847 1949 l.‚
870 1921 947 1943 alium
965 1921 1015 1943 dici
1032 1920 1148 1944 Clodium
1166 1923 1253 1952 ratus,
1277 1929 1328 1946 non
1343 1923 1460 1947 Publium
1475 1924 1561 1954 illum,
1585 1925 1627 1955 qui
1645 1928 1697 1949 tum
1714 1926 1833 1950 tribunus

278 1963 362 1992 plebis
385 1969 446 1986 esse
464 1969 516 1987 non
542 1963 665 1992 potnerit.
698 1963 836 1986 Tribunum
860 1969 922 1986 vero
946 1963 1029 1992 plebis
1047 1963 1129 1986 fuisse
1146 1964 1278 1996 Clodium,
1306 1965 1441 1995 pontifices
1457 1967 1494 1991 ita
1510 1967 1701 1998 increpantem,
1726 1969 1833 1993 Plutar-

277 2007 344 2029 chus
361 2013 487 2036 nusquam
505 2007 584 2036 dixit3
606 2007 682 2030 immo
699 2007 731 2029 de
749 2008 865 2035 ternpore
883 2007 1047 2035 cogitandum
1064 2013 1124 2030 esse
1141 2011 1263 2038 apparet,
1285 2016 1334 2038 quo
1352 2010 1459 2034 Clodius
1475 2011 1532 2039 ipse
1549 2010 1698 2044 pontificum
1715 2014 1833 2037 auctori—

279 2053 334 2074 tate
351 2051 398 2080 (ad
414 2052 469 2076 Att.
487 2051 511 2082 1,
529 2051 559 2074 13
578 2056 646 2082 „res
663 2056 696 2074 ex
712 2052 820 2074 senatus
837 2051 959 2075 consulto
975 2051 1007 2075 ad
1025 2050 1161 2081 pontifices
1177 2054 1274 2085 relata,
1300 2053 1375 2084 idque
1392 2055 1424 2079 ab
1440 2054 1472 2079 iis
1490 2056 1565 2079 nefas
1582 2061 1643 2080 esse
1659 2057 1791 2082 decretum
1799 2055 1832 2086 “)

277 2093 373 2117 incesti
389 2097 531 2117 accusatus
548 2096 635 2122 esset,
653 2096 680 2116 et
697 2094 813 2123 quamvis
829 2094 980 2123 absolutus,
997 2100 1091 2124 magna
1108 2098 1192 2118 tamen
1209 2096 1314 2119 infamia
1330 2097 1470 2121 laboraret.
1487 2098 1515 2121 In
1533 2104 1583 2128 qua
1598 2104 1679 2123 causa
1694 2105 1770 2129 quum
1787 2100 1834 2123 Ci-

277 2144 400 2161 eeronem
417 2144 520 2167 quoque
536 2138 715 2161 adversarium
732 2137 878 2167 habuisset,
905 2138 954 2160 fuit
970 2145 1047 2167 sane,
1072 2140 1137 2167 qnod
1156 2140 1225 2163 illam
1242 2141 1319 2163 etiam
1336 2141 1432 2164 Fabiae
1453 2143 1642 2166 absolutionem
1664 2144 1689 2167 in
1707 2145 1834 2168 concione

277 2182 386 2212 quadani
404 2187 452 2205 sua
469 2181 662 2205 criminaretur.
697 2179 857 2204 concionum
874 2186 937 2204 vero
954 2178 1084 2211 ejusmodi
1100 2182 1254 2207 mentionem
1272 2183 1336 2207 facit
1352 2184 1409 2213 lpse
1426 2184 1519 2209 Cicero
1536 2186 1567 2210 ad
1585 2187 1639 2210 Att.
1657 2186 1683 2217 1,
1702 2186 1745 2217 14,
1763 2188 1784 2210 5.

218 2241 242 2268 Ι)
275 2241 309 2264 ad
325 2242 379 2264 Διί.
397 2241 424 2270 l,
442 2241 487 2270 16,
505 2241 528 2264 ⁰.
546 2241 572 2264 in
591 2240 642 2263 Pis.
660 2240 705 2270 39,
723 2239 764 2262 95.

213 2296 243 2324 2)
276 2297 349 2320 Adde
365 2296 433 2327 quod
451 2296 582 2320 Asconius
599 2298 690 2319 narrat
707 2302 729 2325 p.
746 2296 785 2319 84.
804 2296 838 2319 cf.
856 2303 880 2325 p.
900 2296 929 2319 9⁰
972 2296 1059 2325 Quint.
1077 2297 1132 2321 Cic.
1150 2298 1181 2321 de
1198 2299 1251 2327 pet.
1268 2304 1340 2322 cous.
1358 2305 1381 2322 c.
1400 2300 1422 2323 8.
