1998 2542
693 0 801 86 {ff-J?
949 35 1021 81 11'

137 116 294 152 Catilinae
315 129 391 153 usus
410 125 491 166 erat,
512 132 600 156 error
619 125 711 158 etiam
731 124 894 159 Ciceronis
914 135 976 159 non
995 125 1160 169 ponendus
1180 134 1255 159 esse
1272 123 1394 156 videtur
1407 123 1467 155 nisi
1484 123 1516 154 in
1532 131 1591 154 usu
1611 120 1832 163 qssffiflmqoea

136 179 197 211 quo
211 180 279 202 cum
293 180 331 204 eo
352 173 517 214 aliquando
537 177 719 216 conjunctus
733 177 836 209 fuerit.
864 178 962 209 Error
980 179 1079 222 igitur
1096 185 1160 208 non
1180 176 1264 208 alius
1285 176 1346 207 dici
1364 175 1498 216 videtur,
1519 174 1580 205 nisi
1602 172 1686 213 quod
1704 171 1833 204 welca

135 222 206 262 ejus
225 221 300 253 nihil
319 221 390 255 dum
408 226 598 270 suspicatus,
624 238 644 259 a
661 228 868 262 familiaritate
887 230 958 269 ejus
977 228 1145 269 aliquando
1164 237 1228 259 non
1246 227 1341 268 plane
1361 225 1485 258 alienus
1505 224 1609 257 ruent.
1649 223 1688 254 ln
1706 231 1769 264 quo
1789 220 1831 254 de

136 274 223 306 certo
244 273 376 315 quodam
394 276 535 318 tempore
554 277 629 311 nihil
648 277 774 322 dicitur-3
807 279 952 323 cogitare
979 279 1076 324 igitur
1100 277 1210 311 eodem
1230 278 1323 320 jure,
1354 286 1416 318 quo
1443 275 1484 309 de
1504 275 1568 307 ista
1587 273 1831 316 repetundarum

135 332 244 368 causa,
265 324 306 358 de
325 323 439 368 quavis
457 327 521 361 alia
544 328 626 363 licet.
660 329 801 375 Accedit,
821 329 903 374 quod
923 339 986 364 non
1005 330 1170 372 deceptum
1189 338 1228 363 se
1247 328 1322 361 dicit
1341 337 1428 372 esse,
1448 326 1509 361 sed
1528 335 1632 370 paene
1651 325 1830 369 deceptum,

134 375 166 406 id
193 377 275 416 quod
294 377 323 408 si
342 378 577 422 intelligendum
596 382 702 422 utique
722 385 812 414 esset
830 382 870 414 de
891 381 1029 414 Catilina
1047 381 1289 422 repetundarum
1308 390 1380 422 reo,
1401 380 1610 420 propendisse
1630 377 1758 410 tandum
1777 376 1829 408 di-

135 428 261 460 eeretur
281 425 394 461 Cicero
414 428 454 462 ad
473 438 600 464 causam
620 430 775 466 Catilinae
794 432 1035 476 suscipiendam,
1056 441 1119 465 uon
1137 441 1215 465 vere
1235 432 1430 477 suscepisse.
1460 431 1498 464 In
1518 429 1629 464 eadem
1648 430 1738 462 certe
1751 436 1828 460 ora-

135 478 221 509 tione
247 479 352 520 paullo
377 483 451 513 ante
472 480 585 515 Cicero
604 485 667 514 tam
686 484 820 517 alienum
844 493 882 517 se
908 484 1009 517 fuisse
1033 485 1073 516 ab
1101 484 1235 517 arctiore
1255 492 1324 515 cum
1345 481 1484 514 Catilina
1504 480 1731 514 consuetudine
1749 486 1828 521 pro-

135 529 240 561 fitetur
259 529 327 572 (pr.
349 530 438 563 Coel-
457 535 493 574 4,
518 531 577 575 8),
606 537 640 564 ut
659 544 698 566 eo
717 536 804 577 ipso,
835 536 918 576 quod
936 537 1069 575 poximis
1089 537 1180 566 annis
1200 539 1275 566 ante
1295 535 1489 565 consulatum
1510 533 1652 564 Coelium
1671 539 1829 571 nunquan

134 589 197 612 non
216 581 328 614 secum
342 581 500 626 habuerit,
526 584 628 617 evinci
648 585 815 629 existimet,
835 586 1016 619 familiarem
1036 596 1105 619 eum
1126 585 1282 619 Catilinae
1302 595 1377 618 esse
1396 595 1459 617 non
1478 584 1632 626 potuisse.

277 631 407 675 Siquid
433 634 529 678 igitur
553 637 620 678 est,
648 636 728 678 quod
754 639 911 670 statuatur
937 646 1005 670 cum
1029 637 1249 679 probabilitate
1274 636 1406 680 quadam
1433 636 1473 670 de
1503 636 1553 668 bis
1577 635 1674 669 rebus
1705 637 1739 668 et
1764 642 1826 676 quo

136 684 318 716 Fenestella
337 685 426 717 simul
446 696 514 718 cum
533 688 670 719 Asconio
690 689 881 732 concilietur,
901 688 977 719 illud
997 691 1059 731 est,
1079 689 1269 730 propositum
1288 689 1348 721 hoc
1366 688 1532 731 aliquando
1551 687 1652 719 fuisse
1666 685 1826 727 Ciceroni,

113 738 170 771 ‚ut
196 744 324 767 causam
348 735 504 771 Catilinae
528 738 656 771 diceret.
701 739 902 771 Nobilitatem
928 740 1009 771 enim
1035 749 1103 771 cum
1135 749 1214 772 suae
1240 741 1338 781 ipsius
1363 740 1506 782 petitioni
1532 748 1635 780 aeque
1660 736 1827 770 adversari

135 789 230 827 atque
251 784 417 830 Catilinae,
449 792 483 821 ut
507 791 559 831 qui
577 791 689 822 multos
715 800 758 823 ex
784 800 824 823 ea
844 791 937 823 etiam
962 791 995 822 in
1015 800 1113 823 causa
1131 792 1371 833 repetundarum
1396 801 1516 832 eoaque
1536 790 1744 832 amplissimos
1764 787 1825 820 ad-

135 839 267 870 vocatos
287 837 461 884 habuisset,
482 840 588 875 favere
599 841 803 886 intelligeret,
825 851 845 874 a
861 841 1015 875 societate
1029 852 1098 875 cum
1112 840 1248 875 Catilina
1260 842 1405 877 facienda
1418 841 1604 885 aliquamdiu
1617 850 1681 874 non
1694 848 1825 883 prorsus

136 889 337 922 abhorruisse
356 891 489 924 videtur.
527 893 603 924 Mox
626 896 729 926 tamen
748 895 866 925 mutata
885 894 1065 937 voluntate,
1093 896 1234 935 apertum
1252 895 1359 926 maluit
1378 895 1496 927 habere
1517 894 1685 926 Catilinam
1704 891 1824 923 adver-

134 941 250 971 sarium
274 950 365 982 quam
391 944 557 989 ambiguae
585 945 722 977 fortasse
746 944 818 976 fidei
843 945 961 976 socium
985 948 1019 977 et
1048 945 1187 988 amicum,
1217 954 1320 988 neque
1347 946 1417 977 aliis
1436 947 1501 988 jam
1532 946 1576 976 uti
1602 944 1771 988 praesidiis
1791 945 1825 975 et

135 997 332 1040 adjumentis,
353 996 414 1028 nisi
431 997 480 1039 iis,
501 1006 583 1038 quae
602 996 643 1028 ad
662 1006 741 1039 eum,
763 1006 855 1038 quem
868 998 935 1038 jam
955 997 1154 1039 obtinuisset,
1174 997 1338 1041 dignitatis
1355 997 1487 1042 gradum
1506 998 1607 1039 ipsum
1626 997 1825 1030 evexissent.

133 1049 170 1079 In
185 1049 291 1090 gratia
307 1048 404 1091 igitur
417 1048 617 1092 multitudinis
632 1057 814 1090 eorumque,
836 1058 915 1089 quos
930 1048 1075 1079 oratoriis
1090 1049 1151 1079 sibi
1168 1048 1369 1080 facultatibus
1386 1049 1502 1081 amicos
1517 1049 1667 1091 fecisset,
1688 1047 1823 1088 acquie-

133 1098 281 1132 scendum
301 1098 361 1131 sibi
387 1098 447 1131 hoc
466 1101 603 1141 tempore
631 1109 706 1133 esse
730 1100 860 1141 putavit.
899 1099 1057 1132 Fecerunt
1083 1101 1188 1133 autem
1207 1109 1364 1143 rumores,
1390 1100 1443 1142 qui
1461 1099 1502 1133 de
1522 1098 1680 1133 Catilinae
1704 1098 1736 1130 in
1756 1107 1824 1131 rem

134 1151 287 1192 publicam
322 1151 459 1183 consiliis
485 1159 557 1182 mox
582 1150 776 1184 disseminari
806 1150 1003 1192 coepissent,
1044 1152 1079 1182 ut
1104 1151 1275 1183 invidorum
1302 1161 1426 1193 quoque
1458 1154 1615 1193 postremo
1647 1150 1763 1183 fastum
1789 1150 1824 1181 et

134 1203 312 1243 superbiam
330 1203 472 1235 vinceret
492 1198 646 1245 (Sallust.
668 1201 740 1234 Cat.
759 1200 832 1244 Β).
