1998 2542
145 102 217 143 ipsa
237 99 394 134 Catilinae
413 100 628 135 adolescentia
645 102 818 146 laborabat,
838 114 911 137 mox
931 105 1024 138 etiam
1043 105 1243 149 gravioribus
1262 103 1440 136 criminibus
1460 104 1555 134 aucta
1573 103 1641 144 est,
1661 99 1756 142 idque
1775 99 1839 132 ali·

145 154 261 194 quanto
276 154 342 193 jam
362 155 436 185 ante
457 163 548 194 quam
567 156 788 196 conjurationis
808 157 960 189 conflatae
980 158 1020 189 ab
1041 166 1080 189 eo
1100 156 1131 188 in
1151 156 1369 197 rempublicam
1388 155 1473 186 fama
1491 152 1739 195 percrebuisset.

281 203 338 235 -De
357 204 475 244 injuriis
496 207 587 247 enim,
609 207 720 247 quibus
733 206 870 238 Africam
889 209 1077 249 provinciam
1090 208 1287 248 vexavisset,
1309 209 1371 237 tam
1392 215 1512 249 graves
1525 213 1667 237 rumores
1686 205 1748 244 jan
1761 204 1837 235 unte

145 255 245 297 ipsius
264 254 396 287 reditum
415 256 544 288 Romam
562 260 788 300 pervenerant,
820 261 854 289 ut
875 260 1015 301 actione,
1046 268 1127 300 quae
1153 259 1323 300 parabatur
1343 257 1382 289 ab
1405 256 1508 299 Afris,
1539 256 1571 287 in
1591 265 1661 288 eum
1680 254 1838 292 instituta,

145 307 202 339 vix
220 305 330 338 salvus
351 306 418 340 fore
437 307 606 341 videretur.
645 309 695 342 De
714 309 782 351 ipso
802 310 882 343 enim
896 312 961 352 jam
981 311 1114 344 absente
1133 311 1165 342 in
1186 312 1299 343 senatu
1319 309 1483 351 conquesti
1503 309 1594 340 erant
1613 306 1718 350 legati
1737 305 1836 337 Afro-

146 368 229 402 rum,
250 359 508 402 gravissimisque
528 362 562 391 ut
582 363 712 393 senatus
725 361 859 394 decretis
879 364 1041 394 notaretur
1060 364 1231 394 effecerant
1244 360 1335 406 (Cic.
1357 370 1401 392 or.
1421 362 1453 391 in
1475 363 1543 404 tog.
1557 358 1649 391 cand'.
1670 361 1704 391 et
1717 359 1836 389 Ascon.

144 422 176 454 p.
196 413 237 443 85
256 413 289 444 et
308 408 382 454 89).
412 411 557 444 Reverso
577 412 674 456 igitur
693 413 730 444 L.
752 413 894 445 Volcatio
914 414 1004 445 Tullo
1024 415 1067 446 M.
1087 414 1217 447 Aemilio
1239 413 1358 454 Lepido
1379 406 1570 454 consulibus,
1591 419 1674 443 anno
1696 411 1836 442 exeunte

143 464 186 495 66
205 465 279 495 ante
300 461 434 505 Chr-7¹]
456 473 546 504 quum
566 465 719 504 petiturus
740 467 828 497 esset
847 466 1055 506 consulatum,
1082 466 1185 496 habito
1206 475 1226 497 a
1246 466 1283 496 L.
1306 465 1448 496 Volcatio
1470 464 1599 496 consule
1619 462 1752 495 consilio
1772 471 1836 503 pu-

145 514 244 556 blico,
275 514 400 554 petendi
422 515 451 546 ei
470 517 612 556 potestas
633 515 777 556 adempta
797 518 857 548 est.
895 517 964 558 Res
989 518 1086 560 igitur
1112 526 1150 549 eo
1171 516 1304 549 deducta
1331 519 1398 555 est,
1431 518 1464 546 ut
1483 516 1571 546 salus
1592 517 1661 555 ejus
1681 523 1701 546 a
1715 513 1835 555 judicio

144 565 401 608 repetundarum,
432 565 501 598 hinc
526 566 557 597 in
583 576 652 599 eum
678 567 835 605 instituto,
865 568 1028 609 penderet.
1069 567 1137 600 Sed
1163 567 1244 600 aliae
1272 567 1484 609 accedebant,
1515 567 1628 608 quibus
1654 569 1737 598 sama
1764 566 1835 607 ejus

145 620 334 658 vexaretur,
366 618 604 650 criminationes.
643 618 779 650 Duarum
793 617 831 662 ²)
852 620 932 652 enim
957 620 1092 663 illarum,
1124 629 1251 661 quarum
1277 621 1378 651 altera
1398 621 1464 660 Jam
1484 618 1605 659 Lepido
1632 621 1667 650 et
1689 618 1833 649 Volcatio

145 678 251 711 cons.,
283 669 384 701 altera
404 678 485 700 anno
505 671 595 710 post,
627 670 784 711 Torquato
804 673 837 703 et
857 670 952 702 Cotta
971 679 1074 713 cons.,
1105 671 1190 702 sacta
1210 673 1278 712 est,
1309 671 1551 710 conjurationum
1571 669 1719 711 alterius,
1750 677 1833 709 quae

135 721 247 752 >Nonis
268 721 445 752 Februariis
466 721 555 760 hujus
576 721 647 752 anni
668 725 853 764 erumperet,
876 720 1039 755 Catilinam
1059 722 1215 754 conscium
1235 722 1344 764 fuisse,
1366 725 1454 754 nemo
1475 718 1699 764 nesciebat,³]
1720 729 1832 761 quam·

144 781 236 814 quam
261 772 351 813 ipsae
378 772 451 805 illae
471 773 700 813 conjurationes
725 783 787 805 non
805 775 849 806 ita
875 775 907 805 in
927 774 1026 806 lucem
1045 776 1214 816 venerant,
1245 775 1279 805 ut
1298 782 1403 805 earum
1423 774 1475 814 qui
1494 773 1664 814 participes
1684 771 1832 813 fuissent,

146 824 289 856 convinci
308 826 449 864 possent.

286 874 405 915 Quodsi
424 875 520 919 igitur
539 875 633 908 nihilo
653 876 758 909 secius
778 876 902 910 fuerunt
922 887 940 910 e
960 878 1158 910 nobilissimis
1179 875 1410 921 homiuibus,⁴)
1441 879 1492 919 qui
1512 875 1720 917 testimonium
1740 874 1831 906 dice-

144 930 215 961 rent
234 927 265 958 in
287 936 327 959 ea
347 936 444 958 causa
463 935 518 968 pro
540 927 688 970 Catilina,
709 937 771 959 non
796 930 933 961 movisse
947 939 1003 961 eos
1022 930 1145 962 videtur
1164 931 1224 961 nisi
1244 931 1314 971 ipsa
1333 931 1401 970 ejus
1415 929 1571 960 nobilitas.
1597 927 1712 959 Cicero
1727 929 1832 958 autem

146 988 208 1010 nou
226 982 295 1010 erat
315 989 333 1010 e
355 979 497 1010 nobilium
516 989 653 1021 numero,
674 990 840 1020 eorumque
859 981 1002 1012 invidiam
1016 981 1154 1014 fortasse
1168 983 1311 1022 auxerat,
1333 980 1414 1021 quod
1434 982 1467 1012 et
1487 989 1569 1011 anno
1586 979 1749 1020 superiore
1763 978 1832 1021 legi

144 1030 358 1072 patrocinatus
378 1031 447 1062 erat
466 1030 600 1072 Manilii,
623 1033 655 1063 et
676 1030 733 1063 hoc
754 1040 835 1062 anno
857 1030 1044 1073 Cornelium,
1065 1033 1219 1065 nobilitati
1239 1040 1300 1064 non
1320 1032 1419 1063 minus
1439 1031 1583 1072 invisum,
1604 1032 1714 1063 contra
1734 1038 1831 1062 acer-

144 1082 221 1113 rima
246 1082 500 1123 amplissimorum
528 1081 678 1113 hominum
703 1082 804 1113 studia
830 1082 1023 1115 defenderat.
1065 1084 1239 1116 Videndum
1264 1086 1315 1115 est
1341 1084 1454 1126 igitur,
1486 1083 1558 1124 quid
1583 1083 1638 1114 illa
1662 1082 1770 1114 valeat
1790 1080 1832 1112 ad

143 1134 279 1166 Atticum
299 1133 432 1173 epistola
452 1131 505 1175 (1,
527 1131 580 1175 2),
602 1134 633 1164 in
653 1142 714 1174 qua
733 1142 794 1164 non
814 1133 913 1164 solum
933 1133 1119 1166 defendendi
1139 1135 1214 1165 illud
1234 1134 1389 1166 Catilinae
1410 1134 1588 1175 consilium,
1608 1143 1717 1166 verum
1737 1133 1832 1165 etiam

143 1194 231 1227 spem
251 1183 412 1227 profitetur
432 1183 513 1226 fore,
544 1186 578 1215 ut
596 1184 767 1215 rationibus
787 1183 858 1216 inde
878 1184 945 1215 suis
964 1185 995 1215 in
1015 1185 1150 1226 petendo
1171 1185 1333 1217 consulatu
1354 1185 1532 1217 subveniat.
1572 1184 1656 1216 Sunt
1676 1187 1780 1216 autem
1799 1184 1832 1214 in

143 1245 184 1269 ea
203 1245 265 1268 non
284 1244 403 1277 pauca,
424 1236 455 1265 in
476 1236 587 1275 quibus
607 1236 741 1267 haereas
761 1238 793 1266 et
813 1236 885 1276 quid
905 1236 945 1267 de
963 1237 1003 1266 iis
1023 1237 1221 1268 statuendum
1242 1238 1300 1277 sit,
1321 1237 1389 1268 fere
1409 1238 1546 1268 nescias.

283 1286 450 1318 Exordium
476 1286 594 1317 faciunt
620 1287 734 1319 verba:
765 1287 831 1328 „L.
850 1287 935 1318 Julio
957 1286 1099 1319 Caesare
1121 1286 1158 1319 C.
1179 1288 1297 1319 Marcio
1317 1287 1430 1330 Figulo
1458 1287 1637 1319 consulibus
1662 1285 1756 1317 filiolo
1781 1295 1831 1318 me

143 1342 267 1373 auctum
287 1348 362 1371 esse
382 1338 472 1383 scito,
494 1337 584 1369 salva
604 1335 786 1371 Terentia.“
825 1337 876 1369 Ex
896 1338 1007 1379 quibus
1028 1339 1057 1369 si
1077 1339 1146 1380 quis
1167 1339 1331 1380 epistolam
1351 1338 1391 1370 ad
1412 1348 1525 1370 annum
1544 1340 1583 1369 64
1605 1347 1634 1369 a.
1656 1337 1748 1379 Chr.,
1770 1345 1832 1378 quo

143 1390 268 1424 Caesar
288 1393 320 1423 et
340 1390 471 1433 Figulus
492 1390 639 1421 consules
659 1389 799 1431 fuerunt,
829 1389 979 1431 referret,
1006 1390 1036 1421 id
1057 1400 1196 1432 quoqne,
1223 1391 1264 1423 de
1284 1400 1345 1432 quo
1365 1392 1396 1421 in
1417 1390 1623 1430 sequentibus
1644 1398 1747 1422 sermo
1768 1391 1830 1429 est,

143 1442 301 1477 Catilinae
328 1440 516 1473 defendendi
543 1441 701 1472 consilium
729 1440 770 1472 ad
796 1450 907 1472 annum
932 1451 1000 1473 eum
1028 1451 1180 1474 revocare
1207 1441 1354 1483 deberet,
1386 1444 1419 1474 et
1443 1444 1684 1483 repetundarum
1704 1449 1832 1472 causam

141 1505 234 1537 quum
254 1503 335 1526 anno
356 1494 480 1525 constet
499 1491 706 1525 antecedente
725 1494 883 1533 peractam
904 1502 996 1534 esse,
1027 1492 1067 1525 de
1088 1493 1149 1525 alia
1177 1493 1231 1525 illa
1250 1493 1451 1537 cogitandum
1471 1495 1579 1535 esset,
1610 1501 1673 1534 qua
1693 1490 1832 1524 Catilina

142 1548 271 1589 propter
296 1543 448 1577 Sullanae
478 1543 593 1575 aetatis
622 1542 790 1576 foeditates
821 1552 895 1576 reus
926 1552 946 1575 a
971 1544 1107 1584 Lucceio
1134 1544 1215 1576 inter
1241 1544 1376 1574 sicarios
1403 1544 1506 1575 factus
1534 1546 1585 1575 est
1615 1542 1705 1586 (Dio
1736 1542 1832 1574 Cass.

142 1596 325 1638 xxxvll,
348 1596 396 1627 10.
422 1593 489 1626 Cic.
509 1604 556 1635 pr.
577 1593 656 1625 Suu.
674 1596 728 1636 29,
748 1592 821 1638 91).
862 1594 952 1633 Quae
971 1598 1076 1626 tamen
1096 1604 1193 1625 causa
1213 1605 1281 1625 cum
1301 1596 1457 1626 nonnullis
1477 1595 1597 1625 demum
1617 1595 1778 1626 mensibus
1791 1591 1831 1635 ὅ)

143 1652 216 1691 post
242 1648 375 1679 habitam
396 1647 486 1687 vcirca
512 1645 642 1677 medium
670 1655 782 1680 annum
807 1648 847 1677 64
874 1655 904 1676 a.
926 1645 1000 1677 Chr.
1020 1647 1052 1676 in
1078 1648 1157 1688 toga
1184 1646 1272 1677 caud.
1301 1648 1472 1679 orationem
1492 1649 1564 1678 acta
1583 1647 1643 1687 sit,
1675 1655 1714 1678 eo
1734 1645 1832 1688 igitur

141 1703 300 1741 tempore,
331 1707 391 1739 quo
418 1700 481 1730 tum
508 1696 684 1729 consularia
698 1693 736 1740 ⁶)
756 1696 829 1729 anni
852 1696 934 1729 illius
955 1697 1076 1729 comitia
1102 1695 1213 1728 dudum
1232 1696 1338 1730 habita
1358 1699 1391 1731 et
1412 1696 1526 1731 Cicero
1546 1706 1614 1730 cum
1635 1695 1674 1730 C.
1694 1695 1831 1728 Antonio

219 1809 248 1837 1)
280 1809 411 1838 Torquato
429 1808 526 1830 demum
543 1807 570 1829 et
586 1805 666 1830 Cotta
681 1811 753 1829 cons.
769 1806 881 1829 rediisse
897 1806 1043 1836 Catilinam,
1061 1807 1190 1829 statuerat
1206 1807 1352 1836 Manutius,
1370 1807 1426 1831 Cic.
1443 1813 1482 1836 pr.
1500 1806 1574 1830 Coel.
1591 1806 1621 1835 4,
1638 1806 1670 1830 10
1687 1807 1749 1830 loco
1768 1811 1832 1834 per-

281 1854 380 1880 motus5
397 1850 438 1873 bic
454 1852 539 1873 autem
555 1856 606 1873 non
623 1855 709 1873 sermo
726 1851 768 1872 est
783 1849 834 1873 nisi
849 1850 881 1872 de
898 1855 978 1873 causa
988 1850 1195 1878 repetundarum.
1220 1850 1293 1874 Unde
1305 1849 1360 1880 jam
1372 1850 1518 1879 Malaspina
1529 1849 1674 1873 muntium
1689 1848 1827 1872 refutavit.

217 1898 246 1924 Β)
277 1897 349 1919 Duas
364 1897 449 1917 autem
466 1894 563 1922 fuisse,
588 1899 692 1922 quarum
709 1893 793 1916 altera
810 1892 867 1916 Kal.
883 1894 958 1923 Jun„
983 1894 1067 1916 altera
1082 1894 1148 1917 Non.
1165 1894 1243 1917 Febr.
1260 1896 1422 1922 erumperet,
1451 1900 1483 1917 ex
1500 1895 1572 1917 Suet.
1590 1893 1668 1917 Caes.
1686 1898 1710 1916 c.
1728 1891 1758 1915 49
1774 1898 1823 1920 ρι-

280 1942 336 1962 tere
353 1938 463 1961 videtur.
495 1937 534 1959 Ab
550 1936 610 1959 aliis
626 1941 674 1959 eae
690 1936 889 1960 confunduntur.
921 1937 1016 1959 salust.
1035 1936 1092 1960 Cat.
1109 1935 1149 1958 18.
1176 1936 1226 1959 Dio
1243 1936 1318 1960 Cass.
1336 1936 1463 1966 XYXVI,
1480 1936 1520 1960 27.
1546 1936 1602 1960 Ctr.
1619 1935 1675 1959 Cic.
1692 1941 1732 1964 pr.
1749 1934 1826 1958 Sull-

278 1983 323 2011 24,
340 1981 380 2005 68.

217 2026 245 2054 8]
278 2025 333 2050 Cic.
349 2031 389 2055 pr.
406 2024 479 2048 sulla
494 2023 538 2053 27,
556 2022 593 2046 64.
625 2022 722 2046 Ascon.
738 2022 770 2045 ad
787 2023 853 2046 orat.
870 2022 897 2045 in
914 2023 967 2051 tog.
984 2023 1058 2045 caud.
1074 2028 1100 2051 p.
1115 2022 1146 2045 83
1162 2024 1190 2045 et
1205 2022 1243 2045 93.

218 2071 246 2097 4)
278 2070 322 2092 Pr.
339 2071 413 2093 suna
428 2069 473 2097 29,
490 2068 530 2090 81.
547 2065 690 2096 „Accusnti
706 2068 766 2089 sunt
782 2071 871 2089 omnes
887 2065 1048 2089 consulares.
1060 2079 1091 2083 —
1101 2065 1261 2096 ,ultum-unt,
1278 2066 1375 2097 inquit,
1392 2066 1521 2091 Catilinae
1537 2066 1660 2096 illumque
1676 2066 1827 2090 lamo-t.

277 2113 357 2138 Nulla
372 2114 425 2137 tum
442 2111 560 2142 patebat,
577 2109 650 2134 nulla
665 2111 722 2134 erat
738 2108 844 2140 cognita
859 2106 1021 2140 conjuratio:
1039 2108 1211 2132 defendebant
1226 2108 1350 2140 amicum,
1373 2109 1482 2133 aderant
1498 2108 1625 2140 supplici,
1641 2108 1760 2133 fortasse
1776 2113 1827 2132 au-

279 2156 352 2186 daci,
369 2158 397 2179 at
412 2156 550 2185 aliquando
566 2153 681 2177 amico-‘⁶

217 2202 246 2227 3)
278 2202 374 2224 Ascon.
391 2200 424 2223 nd
440 2201 507 2222 orat.
525 2198 552 2221 in
569 2200 622 2227 tog.
641 2197 713 2221 caud.
731 2202 755 2225 p.
772 2196 812 2220 92.
837 2193 945 2226 „Hujus
966 2197 1054 2220 autem
1074 2194 1190 2219 criminis
1211 2195 1371 2226 periculum,
1399 2197 1466 2226 quod
1490 2194 1584 2228 objicit
1599 2195 1709 2226 cicero,
1733 2201 1836 2226 pauco·

280 2246 340 2273 post
355 2248 459 2267 menses
476 2241 590 2265 Catilina
605 2238 717 2263 subiit.“
1522 2264 1526 2266 λ

217 2288 241 2311 8.
273 2288 370 2311 Ascon.
388 2293 412 2316 p.
429 2286 467 2310 92.
494 2285 582 2316 „Post
603 2283 697 2307 effecta
713 2283 780 2306 enim
801 2282 905 2306 comitis
921 2282 1071 2306 consularia
1093 2284 1120 2304 et
1136 2281 1265 2306 Catilinae
1281 2283 1415 2311 repulsam
1431 2283 1497 2307 fecit
1512 2289 1571 2307 eim
1586 2288 1660 2307 reum
1676 2283 1748 2307 iuter
1766 2282 1829 2307 nien

277 2331 332 2354 rios
348 2332 378 2354 1..
396 2327 526 2359 nueceJus
542 2329 650 2357 pannis
666 2327 848 2356 eruditusque,
865 2326 908 2355 qui
924 2328 1016 2354 postea
1033 2326 1198 2349 consulat-iun
1213 2332 1315 2357 quoque
1331 2325 1436 2355 petiit.“
