1998 2542
116 124 161 170 [i.
181 136 211 159 e.
231 129 475 163 antemeridiano
495 130 629 177 judicio)
647 143 757 176 „nune
775 134 896 168 licerc“
917 133 1009 179 (eum
1030 138 1140 177 petere
1153 132 1365 173 consulatum)
1379 137 1511 177 „certus
1525 135 1587 168 crit
1599 134 1820 177 competitor-‘⁵

117 178 156 210 ln
175 187 237 220 quo
256 179 339 221 quod
359 182 536 214 emendavit
556 194 662 226 „nunc
674 185 792 219 licere‘⁴
812 185 922 220 iisdem
935 187 1178 220 dubitationibus
1192 187 1358 219 obnoxium
1379 189 1441 230 est,
1463 187 1577 228 quibus
1597 187 1673 220 illae
1685 185 1819 220 Sebast-

117 228 251 262 Cori-adi
276 234 310 264 et
335 232 449 265 Mureti
473 235 724 279 emendationes,
751 239 813 270 etsi
839 247 901 270 non
928 240 1048 271 veritus
1073 242 1141 281 est,
1170 239 1367 280 Malaspinae
1388 238 1463 270 illud
1483 239 1632 281 placitum
1651 242 1818 284 κράατος

116 281 245 314 meridie
264 285 367 316 autem
387 284 470 326 quod
495 289 584 327 putat
610 287 690 320 idem
710 298 785 321 esse
811 289 893 331 quod
920 291 1193 332 „antemeridiano
1208 290 1360 332 Judici0“
1381 299 1443 322 non
1463 290 1569 335 mag-is
1589 292 1819 325 assentiente-

117 342 300 375 quemquam
326 335 464 368 habebit.
510 338 581 369 Hac
614 339 694 370 enim
719 340 948 384 significatione
968 343 997 374 si
1016 341 1170 383 adjectum
1190 346 1279 375 esset
1298 342 1374 374 illud
1390 341 1597 386 „meridie‚“
1618 343 1693 375 nihil
1712 353 1819 387 neque

118 386 249 418 otiosius
268 396 372 429 neque
392 388 540 422 insulsius
554 391 686 435 cogitari
707 395 826 433 posset.
855 393 966 436 ltaque
988 404 1170 436 quamquam
1183 396 1349 436 sequentia
1362 396 1462 427 verba
1483 395 1634 436 „Iudices
1654 396 1817 439 babemus,

117 446 198 479 quos
212 438 375 482 voluimus,
392 449 510 473 summa
526 444 720 475 accusatoris
735 443 921 478 voluntate“
941 448 1005 477 tum
1019 446 1160 479 oratione
1173 445 1214 478 de
1230 446 1355 486 bai-usp.
1370 456 1455 487 resp.
1469 448 1519 486 ἕο,
1541 449 1582 478 42
1595 447 1817 479 confirmantur

117 489 171 521 ubi
189 488 318 522 Clodius
338 499 358 522 a
373 491 509 525 Catilina
528 495 687 535 pecuniam
707 496 872 537 accepisse
891 496 1012 539 dicitur,
1033 500 1068 528 ut
1088 497 1265 538 turpissime
1285 498 1570 540 praevaricaretur,
1591 500 1654 530 tum
1674 508 1695 530 a
1715 498 1815 532 Cice-

116 550 195 574 rone
220 542 254 573 in
272 542 338 574 Pis.
360 545 414 586 10,
434 546 491 583 ²3,
519 546 570 577 ubi
592 546 720 578 Clodius
740 547 825 579 audit
846 546 1002 581 Catilinae
1028 549 1279 590 praevaricator,
1308 548 1442 591 denique
1467 549 1507 581 ab
1535 549 1675 582 Asconio
1701 561 1733 591 p.
1760 552 1813 593 87,

110 593 228 633 judicio
250 593 415 627 Catilinam
434 597 478 628 ita
498 598 671 629 absolutum
684 607 758 630 esse
771 599 972 642 perhibente,
993 602 1027 630 ut
1049 599 1178 632 Clodius
1196 600 1319 632 infamis
1338 600 1442 643 suerit,
1464 601 1702 642 praevaricatus
1723 612 1812 645 esse,

117 643 317 677 difficultates
336 649 439 679 tamen
443 670 456 689 ,
477 649 588 689 quibus
608 651 706 680 omnis
725 659 766 682 ea
785 651 919 692 epistula
931 651 1071 693 laborat,
1096 661 1290 693 nequaquam
1311 652 1467 684 levantur.

258 696 326 731 Sed
347 700 381 729 ut
400 698 499 731 levari
517 711 597 734 sane
623 700 761 745 possint,
787 706 821 736 et
847 706 880 735 ut
905 703 980 735 nihil
1006 704 1134 736 valeant
1153 703 1362 736 dubitationes
1390 706 1538 747 nostrae,
1559 714 1665 746 neque
1686 706 1750 737 ulla
1770 705 1811 739 de

116 751 246 783 auctore
267 750 420 792 epistolae
439 753 574 793 suspicio
594 756 760 795 propterea
780 754 967 797 admittatur,
988 755 1095 798 colligi
1114 757 1218 787 tamen
1238 766 1280 788 ex
1300 765 1340 788 ea
1360 755 1434 787 nihil
1455 757 1586 799 poterit,
1607 757 1669 788 nisi
1689 759 1810 801 cogi-

117 804 234 835 tasse
254 803 419 845 aliquando
441 803 624 837 Ciceronem
645 805 684 838 de
706 805 839 838 Catilina
860 806 1072 849 defendendo,
1097 816 1167 838 nam
1187 816 1264 839 vere
1285 817 1353 839 eum
1374 807 1567 851 defendisse,
1588 808 1692 840 nullus
1712 809 1808 851 plane

116 853 200 895 apud
219 864 289 887 eum
308 855 396 887 locus
416 858 484 898 est,
506 857 557 898 qui
577 860 701 901 arguat.
742 857 859 890 Contra
879 861 968 899 sunt,
990 860 1042 900 qui
1061 868 1216 900 nunquam
1236 859 1265 890 id
1288 859 1402 891 factum
1429 869 1504 892 esse
1523 859 1755 903 demonstrent,
1778 865 1811 894 et

115 905 244 947 primum
264 907 387 947 quidem
407 917 450 940 ex
470 909 609 941 oratione
628 909 659 940 in
679 911 758 952 toga
778 909 910 941 candida
929 910 981 950 qui
1000 910 1060 941 loci
1081 911 1199 942 servati
1220 913 1303 941 sunt.

258 956 367 989 Oratio
386 955 427 990 in*
437 961 516 1002 toga
536 959 668 991 candida
686 960 724 990 L.
745 960 888 992 Caesare
909 959 947 992 C.
967 961 1079 1004 Figulo
1100 961 1279 992 consulibus
1300 959 1362 1004 (64
1376 970 1406 992 a.
1422 958 1519 1004 Chr.)
1535 960 1641 993 habita
1661 964 1713 994 est
1734 966 1810 996 ante

116 1009 202 1053 dles,
228 1013 262 1041 ut
283 1011 439 1042 Asconius
462 1011 561 1044 refert
580 1009 633 1054 (p.
653 1009 732 1055 83),
759 1012 946 1044 comitiorum
973 1013 1179 1044 consularium
1209 1022 1337 1055 paucos.
1377 1013 1458 1044 Nam
1478 1013 1522 1055 si,
1553 1015 1588 1044 ut
1612 1013 1645 1044 in
1672 1014 1810 1055 epistola

115 1063 171 1094 illa
190 1062 230 1094 ad
251 1063 386 1094 Atticum
405 1062 547 1104 traditur,
567 1066 753 1104 speraverat
767 1063 891 1105 Cicero,
912 1065 1152 1104 conjunctiorem
1171 1065 1231 1095 sibi
1252 1063 1417 1095 Catilinam
1437 1064 1505 1096 fore
1526 1064 1558 1095 in
1578 1065 1701 1098 ratione
1721 1067 1809 1107 peti-

115 1114 226 1157 tionis,
255 1113 295 1147 de
323 1123 361 1146 eo
387 1114 431 1146 ita
456 1113 556 1146 falsus
577 1117 645 1157 est,
671 1117 705 1146 ut
724 1123 743 1147 a
764 1114 900 1147 Catilina
919 1115 1037 1156 pariter
1056 1117 1150 1156 atque
1171 1124 1190 1146 a
1211 1114 1249 1147 C.
1270 1115 1405 1146 Antonio
1425 1115 1519 1146 armis
1540 1124 1613 1146 mox
1633 1116 1809 1158 quibusque

115 1167 362 1210 impugnaretur.
401 1167 429 1197 E
449 1166 578 1208 reliquis
603 1167 683 1199 enim
710 1166 959 1209 competitoribus
985 1175 1076 1208 quum
1101 1175 1180 1198 unus
1201 1175 1275 1199 esse
1297 1165 1409 1199 Cicero
1430 1165 1607 1209 videretur,
1629 1167 1682 1209 qui
1701 1168 1809 1212 gratia

115 1218 239 1249 valeret
259 1218 379 1260 populi,
406 1219 449 1248 Μ.
470 1217 588 1248 Crasso
615 1220 648 1249 et
673 1217 711 1249 C.
732 1217 874 1250 Caesare
900 1218 1090 1259 adjutoribus
1110 1220 1175 1260 usi,
1207 1220 1295 1250 ambo
1316 1219 1471 1261 coierant,
1497 1220 1531 1248 ut
1551 1218 1716 1251 consulatu
1737 1229 1807 1253 eum

115 1270 299 1311 dejicerent.
338 1270 421 1301 Hinc
440 1272 544 1302 tamen
564 1279 655 1310 quum
681 1270 713 1300 in
738 1269 806 1301 dies
827 1272 997 1313 augeretur
1019 1270 1150 1301 ambitus
1170 1270 1314 1311 licentia,
1341 1280 1444 1310 neque
1465 1270 1612 1301 sufficere
1634 1270 1805 1314 videretur,

116 1330 198 1363 quae
212 1321 333 1353 duobus
353 1321 445 1353 annis
465 1323 539 1353 ante
558 1320 624 1353 lata
643 1322 713 1353 erat
731 1320 785 1353 lex
800 1319 979 1364 Calpurnia,
994 1322 1124 1353 senatus
1138 1323 1315 1362 censuerat,
1337 1323 1371 1351 ut
1383 1321 1437 1352 lex
1451 1321 1585 1352 ambitus
1599 1324 1692 1353 aucta
1712 1324 1807 1355 etiam

116 1382 184 1405 cum
204 1382 307 1415 poena
325 1372 471 1405 ferretur.
512 1370 652 1416 (Ascon.
665 1382 697 1414 p.
712 1374 753 1404 83
772 1374 805 1404 et
821 1374 888 1409 85).
927 1373 1158 1405 intercesserat
1171 1374 1275 1404 autem
1289 1371 1328 1411 Q.
1346 1372 1467 1403 Mucius
1481 1370 1650 1404 Orestinus
1664 1374 1808 1406 tribunus

115 1425 233 1468 plebis,
260 1434 391 1466 eamque
414 1424 688 1466 intercessionem,
716 1426 750 1455 ut
769 1424 907 1467 videtur,
938 1424 1121 1457 defenderat
1147 1424 1287 1455 oratione
1313 1432 1416 1454 coram
1445 1423 1559 1464 populo
1585 1423 1710 1467 habita,
1746 1436 1808 1466 qua

114 1476 276 1520 indignum
300 1476 395 1518 plane
409 1475 606 1509 'Ciceronem
632 1485 708 1509 esse
722 1473 896 1509 >consulatu
928 1476 1128 1509 clamaverat.
1177 1474 1268 1515 Quod
1301 1484 1392 1516 quum
1424 1474 1583 1507 sensisset
1615 1475 1806 1519 gravissime

114 1529 227 1560 tulisse
247 1530 401 1570 senatum,
424 1527 543 1559 Cicero·
555 1528 705 1569 postridie
723 1529 873 1559 acerrime
892 1528 1034 1559 invectus
1054 1529 1105 1559 est
1123 1529 1186 1557 tum
1206 1527 1237 1557 in
1258 1527 1425 1557 Antonium
1445 1528 1478 1558 et
1492 1525 1669 1568 Catilinam,
1691 1529 1755 1559 tum
1775 1528 1807 1560 in

116 1579 313 1622 Orestinum,
349 1588 468 1611 omnem
488 1580 527 1609 iis
547 1579 737 1619 praeteritae
757 1580 843 1611 vitae
862 1578 1015 1609 intamiam
1035 1579 1238 1619 exprobrans.
1277 1577 1405 1608 Addidit
1425 1579 1529 1608 autem
1549 1577 1666 1620 ingrati
1683 1587 1807 1620 quoque

115 1631 208 1663 animi
226 1633 341 1672 notam,
362 1628 510 1663 Orestino
537 1630 702 1672 objiciens,
730 1630 802 1661 furti
826 1640 896 1662 eum
916 1632 1011 1661 antea
1030 1639 1051 1660 a
1069 1630 1107 1660 L.
1128 1628 1248 1660 Caleno
1269 1631 1464 1669 accusatum,
1489 1629 1590 1668 ipsum
1615 1630 1807 1669 potissimum

113 1683 306 1714 fortunarum
325 1691 450 1714 suarum
470 1683 630 1723 patronum
651 1681 767 1713 habere
787 1681 937 1722 voluisse,
957 1689 1059 1721 neque
1080 1689 1118 1712 eo
1138 1682 1278 1721 tempore
1298 1689 1406 1721 parum
1426 1680 1456 1711 ei
1474 1679 1505 1710 in
1521 1689 1559 1712 se
1580 1680 1686 1712 auxilii
1705 1680 1807 1715 fuisse

114 1731 168 1776 (p.
188 1732 263 1775 86),
290 1734 426 1765 Antonio
451 1736 570 1774 autem,
596 1742 653 1763 suo
678 1733 809 1763 maxime
834 1731 996 1763 beneficio*
1010 1731 1123 1761 factum
1144 1740 1236 1772 esse,
1262 1733 1312 1772 ut,
1337 1732 1514 1770 praeturam
1541 1740 1632 1771 quum
1655 1741 1719 1763 una
1738 1742 1807 1764 cum

116 1783 272 1818 Cicerone
296 1781 481 1827 petivisset,
507 1795 526 1817 e
551 1786 708 1826 postremo
733 1783 765 1814 in
788 1783 912 1815 tertium
935 1775 1036 1814 locum
1060 1782 1221 1823 subjectus
1248 1781 1351 1813 tuerit.
1396 1781 1447 1813 De
1468 1780 1606 1813 Catilina
1630 1792 1707 1814 vero
1728 1793 1748 1815 a
1767 1794 1805 1817 se

114 1836 246 1869 defenso
271 1846 313 1869 ne
337 1837 467 1869 verbum
491 1835 623 1878 quidem.
667 1835 750 1867 Hinc
774 1836 878 1867 tamen
902 1843 943 1867 ne
968 1834 1038 1875 quis
1062 1833 1270 1866 assentiretur
1289 1833 1443 1876 Asconio,
1465 1833 1648 1865 Tunstallus
1669 1831 1723 1876 (p.
1743 1833 1805 1878 2¹7)

114 1889 208 1918 istam
227 1898 293 1919 rem
314 1887 459 1919 Ciceroni
483 1888 576 1918 alicui
599 1887 699 1917 fuisse
726 1885 905 1927 turpitudini
928 1885 1058 1925 monuit,
1089 1883 1239 1924 siquidem
1265 1882 1401 1914 Catilina
1425 1887 1488 1915 tam
1508 1883 1682 1915 invidiosus
1703 1894 1744 1917 ex
1766 1895 1805 1917 eo

109 1938 228 1980 judicio
248 1938 451 1981 discesserit,
472 1941 506 1970 ut
519 1937 602 1970 aliud
622 1938 654 1969 in
674 1947 744 1969 eum
757 1936 904 1978 Judicium
918 1935 1053 1978 quotidie
1071 1935 1269 1978 flagitaretur
1282 1931 1344 1977 [Q.
1359 1933 1426 1965 Cic.
1440 1935 1480 1967 de
1500 1935 1589 1976 petit.
1610 1944 1696 1969 cons.
1712 1945 1738 1968 c.
1750 1935 1805 1980 3).

103 1991 185 2022 'Hoc
205 1991 343 2022 nimirum
363 2000 405 2023 ex
424 1990 529 2022 intima
549 1992 617 2021 arte
638 1989 773 2021 oratoria
792 1998 883 2030 esse,
910 1997 992 2028 quae
1012 1996 1127 2019 causae
1147 1986 1290 2017 nocitura
1309 1986 1388 2027 sint,
1414 1995 1474 2018 nec
1494 1986 1618 2018 colores
1638 1988 1804 2028 accipiant,

114 2050 245 2083 prorsus
264 2042 410 2082 reticere.
450 2040 548 2083 Cujus
560 2044 672 2082 ,tamen
693 2039 870 2082 Ciceronis,
891 2038 943 2071 ubi
956 2036 1142 2070 occultanda
1160 2036 1292 2079 fuerint,
1314 2046 1395 2078 quae
1414 2037 1474 2077 ipsi
1493 2037 1684 2080 ignominiae
1704 2038 1804 2071 duce-

114 2095 233 2135 rentur,
254 2094 474 2125 taciturnitatis
495 2102 577 2134 quae
596 2092 740 2133 exempla
764 2092 870 2129 affert,
896 2098 1003 2122 eorum
1029 2089 1159 2120 alterum
1178 2087 1219 2120 de
1240 2086 1377 2119 Catilina
1397 2088 1445 2119 bis
1465 2088 1609 2120 absoluto
1623 2090 1690 2129 Jam
1709 2099 1807 2131 snpra

115 2144 279 2185 explosum
306 2147 374 2187 est,
406 2145 538 2177 alterum
566 2152 659 2185 vero,
691 2152 733 2174 ex
763 2151 801 2174 eo
833 2141 1013 2183 repetitum,
1045 2139 1127 2181 quod
1156 2140 1188 2170 in
1215 2138 1433 2171 enumerandis
1459 2138 1561 2171 Clodii
1593 2138 1723 2183 legibus
1756 2142 1806 2180 (in

113 2196 179 2227 Pis.
198 2199 236 2239 4,
260 2194 303 2239 9)
324 2196 567 2235 frumentariam,
598 2197 633 2226 ut
652 2203 734 2234 quae
752 2193 885 2225 maxime
909 2191 1067 2233 popularis
1087 2190 1197 2228 fuerit,
1223 2189 1263 2222 de
1283 2190 1436 2221 industria
1455 2190 1632 2231 reticuerit,
1658 2200 1700 2223 ne
1725 2192 1807 2222 satis

114 2246 238 2288 quidem
262 2247 322 2279 huc
348 2247 507 2289 pertinere
536 2246 675 2288 videtur,
712 2245 785 2286 quia
818 2244 903 2288 legis
934 2243 1016 2274 illius
1029 2241 1034 2244 “
1047 2242 1162 2274 mentio
1188 2241 1228 2273 ab
1253 2241 1306 2272 illo
1337 2240 1407 2272 loco
1437 2249 1567 2282 prorsus
1591 2240 1697 2274 aliena
1726 2245 1806 2276 erat.

115 2297 298 2332 Cavendum
310 2309 387 2332 vero
402 2299 523 2330 omnino
539 2297 672 2339 videtur,
694 2308 734 2329 ue
747 2297 869 2328 nimium
882 2304 1032 2336 ponamus
1045 2296 1078 2325 in
1091 2294 1197 2343 intima
1209 2293 1275 2336 illa,
1296 2302 1387 2334 quam
1401 2293 1597 2376 {taediavit
1608 2293 1805 2337 Tuustauus,
