1998 2542
133 103 203 144 ipse
224 101 337 136 Cicero
357 104 397 135 ab
417 104 504 135 initio
523 104 728 146 confecisset,
763 103 990 146 commentarii,
1023 104 1055 135 in
1075 103 1187 145 quibus
1205 102 1235 133 si
1254 111 1318 142 qua
1337 102 1454 132 omissa
1473 104 1545 133 erat
1571 110 1615 133 ex
1634 101 1830 133 orationib-u

135 153 316 193 Ciceronis,
347 164 387 186 ea
405 154 465 186 hoc
484 156 553 196 ipso
573 157 722 196 suspecta
747 155 836 194 reddi
854 154 1031 186 videbatur.
1072 154 1205 186 Constat
1224 154 1323 190 enim,
1355 162 1416 184 non
1437 152 1537 184 solum
1556 152 1671 184 multas
1691 161 1735 185 ex
1753 161 1831 184 ora·-

135 205 272 239 tionibus
300 204 463 237 Ciceronis
490 206 687 248 deperditas,
717 207 775 239 sed
800 205 966 237 nonnullas
987 206 1081 248 etiam
1101 215 1142 238 ne
1162 206 1194 236 in
1214 205 1313 236 lucem
1334 204 1457 245 quidem
1477 205 1517 235 ab
1538 213 1578 236 co
1599 204 1733 238 emissas
1752 212 1830 236 esse

137 253 201 299 [ad
220 256 287 287 Att.
307 257 356 299 11,
377 258 407 299 7,
431 254 480 299 1).
520 258 585 288 Aut
603 257 773 299 pleraeque
800 266 877 293 vero
897 259 952 288 aut
971 266 1078 289 omnes
1099 257 1143 287 ita
1163 257 1195 287 in
1215 256 1452 287 commentarios
1471 256 1543 286 illos
1563 264 1729 287 causarum
1748 264 1829 286 con—

129 308 237 349 jectae
258 310 365 350 erant,
394 311 428 339 ut
447 308 500 340 vel
520 309 607 340 initia
626 318 732 341 earum
751 309 803 341 vel
824 318 905 350 quae
925 309 1057 341 maxime
1078 318 1120 341 ex
1140 309 1178 339 iis
1199 308 1334 340 fuissent
1354 307 1393 338 ad
1414 316 1530 339 causas
1550 306 1688 338 orandas
1709 316 1829 340 neces-

135 360 238 399 saria,
269 360 300 390 in
320 360 358 390 iis
379 363 554 391 exstarent.
571 358 606 402 Ι)
647 360 737 393 Unde
764 362 920 393 accidisse
948 362 1064 401 passim
1089 361 1229 402 videtur,
1260 363 1294 391 ut
1320 361 1412 392 etiam
1441 369 1520 401 qiias
1541 359 1655 392 Cicero
1675 368 1738 390 non
1758 359 1828 400 ipse

135 409 287 442 edidisset
307 411 477 453 orationes,
498 421 557 443 eae
576 412 607 442 in
629 413 852 444 commentariis
873 414 976 444 tamen
991 422 1107 454 magna
1126 422 1169 444 ex
1188 416 1277 453 parte
1297 412 1493 453 perscriptae
1514 412 1635 443 essent.
1663 409 1721 443 Sic
1740 410 1824 444 dune

134 459 261 493 fuerunt
280 470 300 493 a
320 460 474 494 Cicerone
496 471 550 503 pro
572 461 693 494 Scauro
714 464 872 495 orationes
883 464 1035 496 habitae:
1065 463 1123 496 sed
1144 464 1246 495 altera
1266 466 1383 494 tantum
1403 464 1434 494 in
1455 463 1572 506 vulgus
1591 461 1693 503 edita,
1723 462 1827 494 altera

134 512 166 542 in
186 514 412 544 commentariis
434 514 543 545 relicta
563 516 641 545 erut.
672 512 821 555 [Quintil.
842 514 899 553 lv,
922 516 950 555 1,
971 512 1044 556 69).
1075 515 1144 545 Hos
1164 517 1266 546 autem
1287 514 1539 554 commentarios,
1560 513 1613 554 qui
1633 514 1668 543 ut
1687 512 1825 545 librarii·

135 563 347 605 traderentur,
380 564 542 597 Ciceronis
568 565 666 605 ipsius
695 565 855 596 consilium
873 574 935 596 non
955 565 1054 597 fuisse
1074 564 1197 598 videtur
1217 567 1312 604 (nam
1338 565 1377 596 ad
1404 573 1558 606 praesens
1583 562 1673 595 modo
1699 566 1824 606 tempu·

135 624 192 647 eos
217 617 399 657 aptaverat,
430 615 557 655 Quintil.
578 616 629 658 X,
656 617 693 659 7,
714 613 794 659 3¹),
825 616 898 647 Tiro
918 616 1048 649 libertus
1074 626 1257 658 quamquam
1281 617 1384 657 paullo
1412 616 1638 648 contractiores
1666 614 1763 647 edidit
1790 619 1824 648 et

134 667 285 698 communi
304 668 373 698 usui
399 668 558 709 patefecit.
599 668 754 699 Asconius
775 668 870 710 igitur
890 667 971 709 quod
996 677 1037 701 ne
1057 669 1088 699 in
1113 668 1161 699 his
1182 668 1304 709 quidem
1324 667 1551 700 commentariis
1571 669 1709 699 notatum
1729 668 1823 709 quid-

135 727 226 759 quam
250 718 290 751 de
311 718 466 751 Catilinae
492 720 546 752 illa
573 720 757 753 defensione
783 719 918 760 reperit,
952 728 990 751 eo
1017 719 1241 757 memorabilius
1269 722 1336 761 est,
1371 719 1452 761 quod
1479 719 1531 759 qui
1557 721 1657 760 pudor
1682 719 1821 753 fortasse

134 768 247 802 fuisset
266 771 298 801 in
317 771 394 801 libro
415 771 446 801 in
459 772 575 814 vulgus
596 771 775 811 emittendo,
795 771 827 800 in
847 769 896 812 iis,
918 780 1000 811 quae
1019 772 1051 801 in
1070 780 1159 801 suum
1178 773 1295 802 tantum
1316 781 1402 801 usum
1416 773 1522 801 orator
1541 770 1724 803 mandasset
1743 772 1820 804 lite-

132 821 189 863 ris,
210 821 312 852 nullus
333 832 407 854 esse
433 825 566 863 poterat.
601 824 682 855 Hinc
702 820 929 855 decernendum
949 822 1038 853 simul
1058 825 1131 863 puto
1152 822 1191 854 de
1212 823 1339 854 Asconii
1358 822 1439 864 loco,
1461 822 1512 853 ubi
1533 823 1821 855 commentariorum

132 871 252 903 illorum
272 874 457 905 mentionem
477 873 561 905 facit.
602 873 662 913 Qui
682 884 772 915 quum
798 873 962 905 manifesto
989 876 1151 914 corruptus
1176 874 1217 904 sit
1222 894 1251 914 ,-
1267 874 1359 905 facile
1386 873 1519 913 aliquem
1539 874 1570 904 in
1591 883 1661 909 eum
1681 884 1819 907 errorem

134 922 305 965 induxerit,
339 927 373 954 ut
393 924 474 964 quod
494 925 604 964 judicio
625 925 788 956 absolutus
812 934 889 957 esse
913 924 1025 955 dicitur
1047 924 1196 967 Catilina,
1227 926 1259 955 in
1278 926 1356 965 ipsis
1376 925 1437 955 illis
1458 925 1686 956 commentariis
1705 925 1819 958 lectum

134 983 210 1006 esse
229 975 347 1007 credat.
386 976 456 1008 Hoc
476 978 579 1008 tamen
598 976 627 1007 si
646 977 690 1008 ita
710 979 816 1018 esset,
848 976 1003 1007 Asconius
1023 976 1082 1007 sibi
1102 976 1170 1017 ipse
1191 978 1393 1019 repugnaret.
1432 975 1538 1007 Locus
1558 976 1656 1019 igitur
1676 985 1768 1017 quum
1788 977 1821 1009 in

133 1023 269 1057 editione
289 1026 426 1067 principe
446 1029 479 1059 et
499 1036 541 1059 ex
561 1036 600 1058 ea
619 1027 651 1058 in
671 1025 831 1059 Orelliana
850 1027 895 1058 ita
914 1028 1105 1068 perscriptus
1126 1028 1184 1058 sit:
1206 1027 1408 1069 „Praeterea
1428 1029 1533 1058 movet
1553 1036 1613 1068 me,
1634 1027 1729 1067 quod,
1750 1037 1820 1059 cum

133 1076 197 1107 sint
223 1078 430 1109 commentarii
451 1077 615 1109 Ciceronis
642 1088 819 1118 causarum,
851 1078 942 1110 etiam
969 1078 1200 1120 defensionum,
1232 1077 1479 1109 commentarium
1499 1080 1554 1108 aut
1573 1078 1755 1119 principium
1774 1080 1820 1111 ita

133 1127 215 1168 quod
228 1128 344 1168 judicio
365 1129 526 1160 absolutus
547 1131 598 1161 est
618 1128 769 1174 Catilina,
790 1132 823 1159 ut
844 1128 972 1161 Clodius
992 1129 1114 1160 infamis
1133 1129 1226 1160 fuerit
1247 1129 1482 1168 praevaricatus
1502 1137 1596 1160 esse:
1618 1138 1688 1160 nam
1708 1133 1741 1161 et
1761 1140 1820 1163 re·

127 1178 226 1218 jectio
240 1178 377 1219 judicum
396 1179 436 1210 ad
455 1180 611 1211 arbitrium
630 1180 677 1212 rei
696 1179 861 1212 videbatur
881 1189 955 1212 esse
975 1177 1103 1221 facta,“
1128 1180 1285 1211 assentior
1304 1179 1361 1219 iis,
1395 1179 1448 1219 qui
1466 1179 1514 1209 sic
1534 1178 1601 1210 fere
1621 1181 1820 1213 scribendum

133 1238 209 1261 esse
229 1233 434 1262 censuerunt:
540 1232 663 1272 „etiam
683 1230 910 1272 defensionum3
940 1231 1188 1263 commentarium
1207 1233 1310 1261 tamen
1330 1230 1420 1269 hujus
1440 1229 1634 1262 defensionis
1654 1234 1710 1262 aut
1729 1232 1819 1272 prin·-

133 1281 243 1321 cipium
262 1282 404 1312 nullum
395 1283 559 1314 inveniam.
598 1282 669 1313 Hoc
689 1285 791 1314 autem
805 1281 920 1323 judicio
941 1282 1102 1314 absolutus
1123 1283 1175 1314 est
1195 1278 1356 1313 Catilina‘·
1378 1279 1441 1312 ὥσ.

273 1333 345 1365 Non
364 1333 408 1365 ita
427 1336 530 1366 tamen
551 1334 703 1365 contemni
721 1335 883 1376 poterunt,
911 1342 992 1375 quae
1013 1332 1195 1366 Fenestella
1214 1332 1355 1375 tradidit,
1382 1334 1417 1363 ut
1436 1341 1499 1364 ιιοιι
1519 1341 1616 1364 causa
1636 1334 1820 1376 exploretur

133 1386 166 1417 et
185 1384 271 1427 sons,
293 1395 312 1417 e
332 1394 392 1426 quo
411 1394 470 1417 sua
488 1385 540 1417 ille
560 1385 716 1424 hauserit,
737 1385 805 1427 vel,
827 1385 855 1416 si
875 1394 962 1418 error
980 1385 1052 1427 fuit,
1080 1383 1162 1416 unde
1182 1392 1270 1415 error
1289 1384 1342 1416 ille
1362 1383 1553 1425 repetendus
1572 1385 1625 1416 sit.
1665 1386 1715 1417 Ad
1736 1386 1818 1419 lianc

134 1438 238 1469 tamen
263 1437 475 1477 quaestionem
502 1440 564 1467 tum
590 1437 709 1468 demum
734 1436 944 1478 respondendi
968 1437 1056 1468 locus
1081 1436 1157 1476 erit,
1189 1436 1239 1467 ubi
1259 1436 1379 1476 reliqua
1406 1436 1506 1467 omnia
1526 1445 1664 1469 excussa
1690 1438 1817 1471 fuerint.

132 1489 224 1519 Nunc
245 1488 480 1519 examinandum
499 1490 572 1519 ante
592 1487 693 1518 omnia
711 1488 851 1529 videtur,
881 1498 953 1519 num
978 1498 1039 1529 qua
1065 1488 1157 1519 fuerit
1183 1496 1315 1527 unquam
1342 1488 1423 1519 inter
1443 1484 1610 1518 Catilinam
1630 1491 1663 1519 et
1683 1488 1818 1522 Cicero-

133 1550 203 1572 nem
223 1539 371 1579 eiusmodi
390 1539 606 1580 necessitudo,
627 1549 708 1581 quae
728 1539 826 1581 hunc,
847 1541 883 1569 ut
903 1548 1029 1571 causam
1048 1539 1130 1570 illius
1150 1539 1343 1579 susciperet,
1365 1537 1524 1579 impellere
1545 1540 1690 1579 potuerit.
1731 1542 1818 1574 Nar-

132 1593 182 1622 rat
202 1590 371 1622 Sallustius
391 1588 487 1632 (Cat.
507 1601 534 1622 c.
560 1589 631 1634 15),
663 1590 894 1622 adolescentem
922 1590 1087 1622 Catilinam
1113 1593 1175 1620 tum
1202 1590 1265 1620 alia
1291 1589 1426 1621 nefanda
1452 1592 1562 1629 stupra
1589 1590 1723 1633 secisse,
1755 1597 1818 1625 tum

135 1651 202 1673 cum
227 1642 350 1685 virgine
375 1642 484 1683 nobili,
516 1651 583 1673 cum
608 1641 774 1673 sacerdote
801 1641 932 1673 Vestae.
973 1640 1084 1673 Cicero
1111 1643 1214 1672 autem
1237 1641 1269 1670 in
1295 1641 1435 1672 oratione
1460 1641 1491 1670 in
1517 1643 1596 1683 toga
1615 1643 1706 1673 caud.
1727 1654 1756 1685 p.
1776 1647 1818 1676 92

134 1693 184 1725 ed.
205 1692 303 1725 Orelli
322 1694 353 1723 in
375 1693 541 1724 Catilinam
559 1695 604 1725 ita
623 1693 792 1725 invehitur:
824 1693 944 1734 „Hanc
969 1695 1003 1723 tu
1023 1692 1122 1724 habes
1141 1692 1343 1735 dignitatem,
1375 1701 1437 1732 qua
1456 1691 1556 1724 fretus
1575 1702 1625 1725 me
1645 1696 1817 1727 contemnis

134 1747 166 1778 et
186 1744 337 1786 despicis:
370 1754 410 1777 an
431 1754 515 1787 eam,
542 1754 631 1786 quam
651 1744 772 1785 reliqua
791 1744 857 1775 w'ta
877 1753 913 1776 cs
934 1738 1145 1776 consecutus?
1176 1752 1243 1774 cum
1263 1743 1307 1774 ita
1326 1743 1451 1785 vixisti,
1483 1745 1517 1773 ut
1537 1752 1599 1774 non
1619 1747 1709 1777 esset
1728 1745 1816 1779 locus

133 1800 194 1829 tam
214 1799 360 1839 sanctus,
392 1805 452 1837 quo
473 1806 534 1828 non
555 1796 708 1828 adventus
728 1798 817 1838 tuus,
849 1796 941 1828 etiam
962 1804 1030 1826 cum
1049 1794 1140 1835 culpa
1159 1794 1244 1825 nulla
1263 1795 1429 1835 subesset,
1456 1795 1571 1826 crimen
1590 1796 1758 1839 afferret,“
1785 1802 1818 1831 et

132 1849 288 1880 Asconius
308 1847 348 1879 ad
369 1858 437 1879 eum
457 1849 571 1879 locum.
603 1848 744 1889 „Fabia,
764 1848 857 1891 virgo
879 1846 1038 1878 Vestalis
1029 1844 1081 1888 ²]
1102 1855 1228 1877 causam
1247 1846 1359 1877 incesti
1379 1846 1519 1887 dixerat,
1541 1856 1609 1877 cum
1629 1848 1659 1878 ei
1680 1847 1817 1881 Catilina

210 1969 238 1997 1)
271 1968 345 1992 Alios
362 1968 440 1992 etiam
456 1961 719 1999 oratores'ejusmodi
735 1967 934 1992 commentarios
950 1966 1104 1997 reliquisse,
1121 1966 1277 1996 intelligitur
1293 1972 1309 1989 e
1326 1966 1432 1995 Quintil.
1449 1966 1488 1996 X,
1506 1966 1530 1996 ⁷,
1547 1967 1587 1990 8⁰.

208 2013 236 2039 2)
269 2012 405 2041 Virginum
428 2012 584 2041 Vestalium,
610 2018 716 2042 quorum
737 2012 804 2040 apud
825 2012 977 2035 Ciceronem
998 2011 1095 2034 mentio
1117 2008 1159 2041 fit,
1179 2009 1295 2040 judicia,
1321 2016 1396 2040 quum
1419 2016 1470 2034 ιιοιι
1492 2010 1557 2033 satis
1574 2010 1768 2041 distinguntur
1784 2015 1816 2038 ab

271 2056 427 2085 editoribus,
453 2056 518 2080 haec
534 2056 591 2080 fere
608 2056 639 2080 de
655 2055 688 2080 iis
705 2055 816 2080 tenenda
832 2060 893 2079 esse
908 2054 1035 2079 videntur.
1066 2054 1195 2079 Notabilis
1211 2054 1319 2085 primum
1336 2056 1392 2084 est,
1420 2058 1485 2084 quae
1501 2053 1534 2077 ad
1550 2054 1677 2084 decimum
1692 2058 1754 2080 ante
1770 2057 1818 2083 ci-

271 2104 391 2124 ceronem
408 2100 542 2122 consulem
557 2105 649 2122 annum
667 2099 706 2127 (in
723 2098 781 2122 Cat.
798 2099 850 2126 111,
868 2098 891 2127 4,
909 2098 937 2125 9)
953 2098 1077 2127 refertur,
1094 2098 1225 2121 absolutio
1241 2098 1378 2126 virginum.
1404 2098 1443 2119 Ad
1459 2103 1533 2126 quam
1551 2100 1636 2121 nmen
1653 2100 1749 2124 referri
1766 2108 1819 2126 ιοι

270 2146 381 2173 possunt
397 2144 439 2170 (ut
455 2142 639 2166 Steinmetzius
655 2143 719 2166 fecit
734 2143 766 2166 ad
782 2142 801 2165 l.
818 2142 859 2172 1.),
872 2141 1001 2165 Asconius
1012 2147 1077 2170 quae
1094 2141 1198 2165 tradidit
1213 2141 1246 2165 ad
1262 2140 1429 2164 Miloniana-n
1441 2145 1465 2163 c.
1479 2140 1508 2163 12
1519 2140 1535 2169 S
1546 2140 1590 2164 88:
1608 2141 1687 2170 „ouo
1699 2145 1816 2173 tempore

271 2188 299 2211 8.
308 2186 458 2210 Peducaeus
470 2185 587 2209 tribunus
599 2185 682 2215 plebis
693 2185 844 2209 criminatus
861 2186 912 2214 est,
923 2185 954 2208 L.
965 2184 1108 2214 Metellum,
1126 2181 1272 2213 pontificem
1283 2184 1428 2212 maximum,
1446 2183 1578 2213 totumque
1594 2184 1735 2215 collegium
1750 2193 1819 2216 pam.

269 2228 366 2255 tlficum
381 2230 449 2254 male
462 2227 596 2259 judicasse
613 2230 645 2253 de
661 2230 763 2254 incestu
780 2229 908 2259 virginum
925 2228 1085 2258 Vestalium,
1107 2228 1175 2258 quod
1190 2233 1265 2251 unam
1283 2228 1358 2251 modo
1375 2227 1513 2252 Aemiliam
1529 2228 1710 2260 damnaverat,
1727 2231 1819 2256 ιιιωι-

271 2275 346 2297 verat
361 2275 448 2297 autem
464 2273 543 2303 duaa,
568 2274 694 2297 Marciam
710 2275 737 2296 et
752 2273 891 2303 Heluian,
916 2272 1027 2301 populus
1043 2273 1110 2295 hune
1126 2270 1245 2295 Gustum
1262 2272 1311 2299 (cf.
1327 2278 1367 2300 pr.
1384 2272 1412 2294 s.
1429 2271 1509 2295 Boac.
1526 2271 1567 2301 ⁸⁰,
1583 2271 1629 2299 84)
1645 2274 1759 2304 creavit,
1775 2276 1820 2305 qni
