1998 2542
175 127 320 162 1ucere.“
361 128 461 170 CuJus
480 130 585 161 tamen
610 129 755 161 lectionis
775 137 890 162 sensus
911 137 1003 170 quum
1022 126 1127 169 paullo
1148 126 1317 158 contortior
1336 135 1412 159 esse
1432 124 1603 166 videretur,
1624 124 1752 157 codices
1771 126 1876 158 auten

176 190 239 213 non
260 190 370 214 omnes
390 181 422 211 in
442 189 481 213 ea
502 181 730 223 consentirent,
758 189 819 212 non
844 180 1027 220 defuerunt,
1055 179 1106 220 qui
1134 178 1296 221 corrigere
1317 177 1438 219 conati,
1467 177 1538 208 loco
1565 175 1638 208 inde
1667 177 1815 217 maJ'orem
1841 177 1875 208 et

176 233 406 272 simplicitatem
426 234 459 265 et
479 232 732 273 perspicuitatem
753 233 865 264 afferre
886 232 944 262 sibi
966 230 1155 263 viderentur.
1182 229 1252 261 Fuit
1271 229 1367 274 igitur
1380 230 1447 270 Jam
1467 231 1541 261 ante
1560 227 1730 259 Manutium
1743 225 1875 260 Sebast-

178 282 358 320 Corradus,
381 285 431 324 qui
454 283 634 315 emendaret
655 285 712 324 „si
734 283 907 324 judicatum,
930 284 990 315 erit
1017 282 1124 314 huberi
1145 282 1296 314 rationem
1314 279 1452 324 licerc3“
1476 289 1608 321 eamque
1629 278 1875 312 emendationem

179 336 226 367 sic
253 335 394 367 defendit
422 335 550 375 copiosa
578 335 776 367 adnotatione
797 334 953 367 Leonard.
973 334 1166 376 Maiaspina,
1196 336 1231 365 ut
1256 342 1296 366 ea
1322 333 1515 375 potissimum
1535 330 1576 364 de
1596 340 1695 363 causa
1713 330 1877 375 vulgatam

179 387 346 420 lectionem
368 385 567 427 rejiciendam
586 397 660 420 esse
681 389 845 428 censeret,
867 385 947 428 quod
968 386 1037 428 ipsa
1057 385 1211 418 absolutio
1232 395 1293 417 non
1313 385 1502 427 suffecisset,
1524 385 1557 416 ut
1578 381 1734 416 Catilinae
1755 391 1876 415 consu-

179 439 274 470 latum
296 442 406 479 petere
417 438 543 478 liceret,
564 438 621 470 sed
644 441 676 468 ut
697 442 790 470 antea
796 440 860 479 jam
871 438 1013 469 Volcatio
1035 440 1067 470 et
1078 438 1196 480 Lepido
1218 447 1305 469 cons.
1325 437 1440 468 sactum
1461 438 1560 479 esset,
1582 436 1627 466 ita
1648 444 1730 467 nunc
1751 443 1876 476 quoque

180 490 317 530 decerni,
329 492 403 521 ante
425 490 526 520 omnia
546 491 723 530 oportuisse
744 500 763 520 a
783 492 906 529 senatu,
926 499 996 519 num
1014 489 1095 520 inter
1115 489 1345 520 candidatorum
1366 498 1522 520 numerurm
1544 496 1655 518 nomen
1676 488 1744 526 ejus
1763 485 1876 518 referri

179 543 303 582 posset.
344 540 529 572 Ciceronem
549 542 656 584 igitur,
683 541 711 571 si
731 541 881 581 dixisset,
904 541 953 582 „si
969 540 1139 580 Judicatum
1159 540 1251 573 suerit
1271 539 1398 572 meridie
1419 548 1481 570 non
1500 538 1630 571 lucere“
1650 538 1724 570 nihil
1745 546 1874 578 prorsus

183 593 334 623 dicturum
361 593 478 628 fuisse,
511 593 623 632 quippe
651 602 742 632 quum
769 592 911 623 absoluto
939 601 1061 632 quoque
1088 602 1107 623 a
1126 592 1282 632 judicibus
1309 591 1464 623 Catilinae
1491 591 1584 622 venia
1610 590 1690 622 haec
1716 598 1735 620 a
1761 591 1876 621 senatu

181 642 385 684 exposcenda
404 643 513 685 fuerit,
536 646 569 674 ut
589 643 781 674 consulatum
801 643 901 675 denuo
919 643 1058 675 ambiret.
1093 641 1152 675 Cui
1165 645 1268 674 tamen
1284 642 1395 674 rationi
1412 641 1503 674 fidem
1517 642 1572 673 vix
1589 641 1746 673 habueris.
1775 639 1875 679 Quum

181 695 263 728 enim
282 694 410 738 legibus
431 694 613 736 quibusdam
628 694 779 727 sancitum
800 696 899 737 esset,
921 695 969 727 cui
980 695 1099 726 omnino
1114 693 1317 737 magistratus
1337 696 1447 736 petere
1467 693 1589 736 liceret,
1610 693 1736 737 legibus
1757 693 1875 724 tantum

182 748 221 778 iis
241 746 412 789 neglectis,
433 747 603 787 petentium
618 749 677 777 *aut
696 747 776 778 ratio
787 746 879 788 plane
897 746 1004 779 haberi
1026 755 1085 777 non
1097 747 1231 787 poterat,
1252 748 1306 777 aut
1328 748 1359 776 ut
1377 745 1555 786 haberetur,
1576 744 1728 788 singulari
1744 743 1875 786 quodam

183 801 316 831 senatus
337 798 466 830 decreto
487 807 565 838 opus
587 800 665 829 ernt.
705 799 817 839 Neque
837 798 957 829 dubium
975 801 1035 839 est,
1057 799 1130 839 quin
1151 796 1306 829 Catilinae
1334 807 1377 829 ex
1396 797 1503 829 Africa
1529 806 1660 829 reverso
1681 796 1874 828 consulatum

185 850 332 883 continuo
353 851 462 891 petere
482 848 642 892 licuisset,
663 850 723 881 nisi
743 858 802 882 eae
822 849 1051 890 provincialium
1072 849 1220 891 querelae
1247 848 1286 880 ad
1307 851 1449 881 senatum
1469 848 1595 881 delatae
1614 847 1767 891 fuissent,
1792 857 1875 890 quae

182 903 275 944 hunc,
297 904 331 932 ut
351 902 502 933 rationem
523 902 591 941 ejus
602 901 710 933 haberi
726 904 861 943 vetaret,
885 903 1121 933 commoverent.
1151 901 1188 931 In
1203 901 1280 931 libro
1297 901 1377 932 enim
1397 900 1436 932 de
1452 901 1545 931 claris
1566 891 1739 931 oratoribus
1751 897 1875 943 (moi)

183 953 265 994 quod
292 952 427 983 futurum
453 952 552 983 fuisse
573 951 699 990 dicitur,
729 955 761 983 ut
788 952 918 984 Glaucia
945 952 977 982 in
1002 954 1149 992 praetura
1176 952 1283 982 consul
1303 951 1411 993 fieret,
1433 952 1460 982 si
1480 952 1631 983 rationem
1651 952 1758 983 haberi
1778 952 1875 984 licere

178 1004 350 1046 Judicatum
373 1004 473 1043 esset,
494 1002 525 1034 id
545 1003 644 1044 ipsum
666 1003 833 1034 confirmat.
873 1003 941 1035 Res
961 1003 1041 1034 enim
1062 1012 1153 1043 quum
1178 1002 1303 1046 legibus
1329 1005 1542 1045 repugnaret,
1563 1002 1733 1046 singularis
1754 1003 1785 1034 in
1806 1012 1875 1035 eam

183 1056 278 1088 venia
299 1064 378 1096 opus
399 1054 512 1087 fuerat.
552 1054 705 1085 Absoluto
731 1055 827 1097 igitur
848 1053 1003 1086 Catilinae
1028 1053 1160 1085 dubitari
1180 1062 1241 1085 non
1261 1055 1384 1095 potest,
1413 1054 1485 1095 quin
1506 1055 1632 1096 petendi
1652 1064 1775 1096 quoque
1796 1064 1876 1087 con-

182 1107 306 1138 sulatus
328 1107 471 1146 potestas
490 1104 594 1137 fuerit.
633 1105 755 1137 Mureto
776 1108 877 1137 autem
898 1104 979 1145 quod
999 1104 1114 1144 placuit
1135 1105 1193 1146 „si
1206 1104 1377 1145 judicatum
1404 1105 1464 1137 erit
1482 1105 1607 1138 licere“
1629 1106 1702 1138 nihil
1723 1109 1755 1138 et
1775 1106 1876 1147 ipsum

182 1159 243 1190 nisi
265 1160 446 1197 conjectura
466 1159 527 1196 est,
549 1166 651 1196 neque
667 1157 802 1188 codicum
817 1157 1000 1188 auctoritate
1015 1175 1051 1179 —
1067 1166 1136 1187 nam
1156 1157 1187 1198 ii,
1209 1155 1248 1187 ad
1269 1165 1348 1196 quos
1370 1161 1531 1197 provocat,
1553 1158 1604 1199 „si
1618 1158 1788 1198 judicatum
1809 1157 1877 1190 erid

184 1209 282 1243 merid
303 1205 436 1241 lucei-e“
454 1207 572 1240 habent
586 1225 622 1232 —-
637 1217 739 1248 neque
760 1208 806 1241 rei
819 1208 940 1241 ratione
955 1207 1142 1241 confirmata.
1183 1207 1291 1241 Verba
1304 1208 1385 1241 enim
1399 1208 1452 1241 illa
1472 1209 1543 1242 sive
1564 1219 1603 1242 eo
1624 1219 1721 1242 sensu
1742 1209 1876 1251 accepit,

184 1269 245 1303 quo
266 1259 445 1301 Malaspina
465 1258 639 1302 „rationem
650 1257 758 1291 haberi
777 1257 905 1301 licere“,
927 1258 1035 1292 eadem
1050 1268 1172 1302 quoque
1192 1259 1313 1292 ratione
1327 1259 1490 1304 refellitur,
1511 1260 1579 1293 sive
1594 1259 1702 1302 judicii
1722 1263 1876 1303 repetun-

184 1312 291 1343 darum
306 1316 453 1343 eventum
466 1311 633 1352 intellexit,
656 1312 769 1351 opponi
783 1314 898 1354 potest,
912 1312 1059 1352 judicium
1078 1320 1141 1343 nou
1161 1312 1200 1344 de
1214 1321 1253 1344 eo
1272 1312 1384 1343 iactum
1399 1321 1486 1355 esse,
1507 1322 1578 1343 num
1597 1313 1708 1345 liceret
1722 1313 1877 1346 Catilinae

185 1366 272 1395 certo
294 1362 488 1403 competitori
508 1372 601 1403 esse,
627 1362 684 1393 sed
705 1372 774 1393 num
795 1372 914 1403 poenas
934 1363 1019 1394 Afris
1040 1363 1129 1395 daret
1148 1373 1258 1395 necne.

326 1413 471 1445 Dubitari
491 1413 587 1456 igitur
607 1413 660 1444 vix
680 1416 802 1456 potest,
830 1414 904 1455 quin
922 1414 1026 1446 verior
1045 1413 1189 1446 habenda
1216 1414 1257 1445 sit
1277 1414 1345 1457 illa,
1377 1424 1468 1455 quam
1488 1413 1625 1448 Orellius
1652 1426 1776 1457 quoque
1796 1418 1877 1450 reti-

183 1465 317 1498 nendam
338 1465 479 1505 censuit,
501 1465 594 1496 lectio
614 1465 668 1505 „si
688 1465 852 1504 judicatum
873 1467 931 1497 erit
949 1466 1075 1498 meridie
1096 1475 1156 1497 non
1176 1466 1317 1498 lueere.“
1358 1467 1448 1498 Haec
1473 1470 1575 1498 autem
1602 1468 1630 1498 si
1655 1470 1815 1510 praestat,
1844 1471 1878 1501 et

183 1518 212 1549 si
232 1519 366 1557 apparet
386 1526 428 1548 ex
449 1526 505 1553 ea,
527 1516 620 1556 plane
640 1516 820 1549 incredibile
840 1521 902 1548 tum
922 1517 995 1549 illud
1016 1518 1115 1549 visum
1135 1518 1233 1550 fuisse
1255 1517 1416 1559 Ciceroni,
1438 1519 1559 1550 absolvi
1579 1529 1676 1559 posse
1698 1519 1875 1562 Catilinam,

186 1570 349 1609 patronum
371 1576 496 1608 qnoque
517 1566 597 1598 haec
617 1566 805 1599 scribentem
826 1578 896 1600 eum
915 1578 935 1600 a
949 1567 1084 1600 Catilina
1104 1568 1235 1600 nondum
1249 1569 1447 1600 constitutum
1466 1579 1542 1602 esse
1562 1570 1757 1614 intelligitur.
1788 1569 1877 1603 Con-

184 1619 299 1651 sociai·i
320 1619 418 1662 igitur
438 1617 518 1649 haec
538 1616 637 1648 verba
658 1626 725 1647 cum
746 1618 795 1661 iis,
818 1629 898 1661 quae
918 1620 949 1650 in
969 1619 1107 1651 secunda
1128 1620 1260 1662 epistola
1280 1619 1440 1664 leguntur,
1462 1630 1523 1651 non
1542 1621 1604 1652 alio
1624 1621 1713 1653 modo
1735 1626 1877 1667 possunt,

184 1671 243 1701 nisi
265 1670 293 1700 si
314 1672 375 1699 tum
397 1669 528 1710 demum,
550 1678 640 1709 quum
660 1670 793 1710 priorem
813 1671 852 1701 ad
874 1672 1006 1702 Atticum
1026 1672 1186 1712 epistolam
1208 1671 1360 1710 dedisset,
1385 1681 1502 1704 causae
1521 1682 1599 1704 suae
1621 1682 1640 1704 a
1661 1673 1798 1706 Catilina
1816 1684 1877 1716 pa-

184 1725 295 1752 tronus
316 1721 438 1752 electus
460 1722 519 1751 est.
552 1719 620 1751 Sed
641 1731 732 1761 quum
746 1721 805 1753 hoc
819 1724 885 1762 jam
899 1726 973 1755 ante
987 1723 1156 1763 superioris
1177 1724 1249 1754 anni
1270 1724 1384 1755 exitum
1399 1726 1649 1765 exspectaretur,
1671 1728 1705 1755 ut
1725 1729 1878 1766 repetun-

185 1771 292 1803 darum
313 1770 526 1813 postularetur
541 1769 677 1802 Catilina
691 1772 730 1802 ab
745 1772 843 1814 Afris,
864 1782 966 1815 neque
981 1774 1061 1804 actio
1076 1773 1224 1814 ejusmodi
1237 1774 1354 1804 institui
1375 1777 1495 1816 posset,
1516 1774 1577 1805 nisi
1590 1775 1734 1819 longiore
1748 1780 1878 1818 quodam

183 1823 332 1862 temporis
352 1822 455 1862 spatio
476 1821 561 1863 dato,
582 1832 652 1852 num
666 1823 711 1853 ita
725 1824 873 1855 credibile
895 1827 956 1866 est,
977 1827 1040 1855 tum
1060 1824 1188 1867 demum,
1212 1828 1243 1855 ιιι
1261 1834 1386 1856 causam
1400 1828 1468 1866 ejus
1486 1826 1616 1869 diceret,
1638 1830 1782 1871 rogatum
1803 1838 1879 1861 esse

184 1873 369 1905 Ciceronem
390 1882 410 1904 a
431 1872 578 1915 Catilina,
602 1883 693 1914 quum
711 1876 890 1907 testimonia
909 1885 1052 1917 quaeque
1073 1878 1106 1907 et
1119 1876 1258 1907 subsidia
1278 1877 1317 1907 ab
1338 1879 1522 1909 accusatore
1543 1878 1677 1909 collecta
1692 1881 1803 1911 essent
1815 1874 1878 1922 ¹ss

325 1923 395 1955 Hoc
416 1925 518 1955 autem
538 1924 733 1955 Tunstallum
753 1934 876 1967 quoque
903 1924 956 1968 [p.
976 1923 1038 1969 25]
1059 1926 1102 1957 ita
1122 1926 1266 1970 offendit,
1291 1929 1325 1958 ut
1343 1937 1408 1960 rem
1429 1937 1497 1960 eam
1518 1937 1578 1970 quo
1600 1928 1780 1971 expediret,
1800 1929 1879 1962 mira

183 1976 276 2017 plane
296 1975 592 2007 comminisceretur.
640 1976 689 2008 De
711 1976 864 2019 Catilina,
902 1978 1016 2019 inquit,
1050 1979 1154 2009 mirum
1181 1981 1232 2010 est
1257 1978 1337 2020 quod
1362 1979 1435 2010 dicit
1463 1979 1586 2012 Cicero.
1627 1979 1813 2024 ,5Catilina,
1848 1982 1878 2013 si

184 2027 350 2066 iudicatum
370 2026 440 2064 erit,
462 2026 590 2057 meridie
612 2036 674 2057 non
693 2027 812 2068 lucere,
833 2030 939 2061 certus
960 2031 1011 2060 est
1031 2029 1245 2070 competitor.“
1285 2030 1326 2061 Et
1347 2033 1450 2062 tamen
1469 2031 1551 2062 hune
1567 2031 1673 2073 talem,
1693 2034 1755 2062 tam
1775 2034 1879 2064 mani-

182 2079 275 2111 festis
296 2078 473 2109 criminibus
488 2080 678 2118 coopertum,
700 2079 783 2119 „hoc
800 2079 976 2121 tempore,“
996 2081 1105 2122 inquit,
1127 2080 1328 2123 „Catilinam,
1349 2083 1579 2122 competitorem
1592 2085 1742 2124 nostrum,
1762 2084 1878 2117 defen-

183 2128 259 2161 dere
280 2128 490 2171 cogitamus.⁴·‘
533 2127 613 2166 Quid
634 2124 737 2161 vero?
757 2130 912 2162 nullumne
926 2130 975 2161 hic
995 2128 1236 2173 (Middletonum
1256 2131 1444 2174 alloquitur)
1465 2133 1599 2166 colorem
1617 2130 1701 2166 das?
1720 2138 1754 2167 et
1773 2139 1878 2169 tamen

181 2180 324 2224 legitima
344 2182 414 2212 erat
432 2179 590 2212 defensio.
630 2181 711 2212 Nam
736 2181 799 2212 ista
825 2182 869 2212 ita
897 2181 1036 2224 legenda
1055 2181 1200 2214 videntur
1221 2183 1392 2226 ‚,Catilina,
1413 2184 1441 2214 si
1456 2184 1627 2224 judicatum
1647 2187 1707 2218 erit
1726 2186 1878 2221 meridie“

259 2292 286 2323 1)
318 2292 348 2318 Ιιι
357 2292 451 2317 Verria
464 2297 547 2317 saun
556 2292 698 2318 Hortensio
707 2292 740 2317 ab
748 2292 824 2318 initio
832 2293 922 2323 partes
931 2293 1032 2319 delatas
1043 2299 1104 2319 esne
1113 2294 1272 2328 aereum-1⁸,
1286 2301 1319 2321 ex
1333 2296 1392 2327 ipsa
1399 2296 1560 2323 divinatione
1571 2297 1599 2324 in
1607 2297 1749 2324 Caecilium
1762 2301 1880 2331 apparet.
