<?xml version="1.0" encoding="UTF-8"?>
<!DOCTYPE html PUBLIC "-//W3C//DTD XHTML 1.0 Transitional//EN"
    "http://www.w3.org/TR/xhtml1/DTD/xhtml1-transitional.dtd">
<html xmlns="http://www.w3.org/1999/xhtml" xml:lang="en" lang="en">
 <head>
  <title>
</title>
<meta http-equiv="Content-Type" content="text/html;charset=utf-8" />
  <meta name='ocr-system' content='tesseract 3.04.00' />
  <meta name='ocr-capabilities' content='ocr_page ocr_carea ocr_par ocr_line ocrx_word'/>
</head>
<body>
  <div class='ocr_page' id='page_1' title='image "4627205_0015.png"; bbox 0 0 1998 2542; ppageno 0'>
   <div class='ocr_carea' id='block_1_1' title="bbox 983 11 1017 51">
    <p class='ocr_par' dir='ltr' id='par_1_1' title="bbox 983 11 1017 51">
     <span class='ocr_line' id='line_1_1' title="bbox 983 11 1017 51; baseline 0 0"><span class='ocrx_word' id='word_1_1' title='bbox 983 11 1017 51; x_wconf 66' lang='grc' dir='ltr'>Ἰ</span> 
     </span>
    </p>
   </div>
   <div class='ocr_carea' id='block_1_2' title="bbox 140 94 1849 2293">
    <p class='ocr_par' dir='ltr' id='par_1_2' title="bbox 151 94 1849 391">
     <span class='ocr_line' id='line_1_2' title="bbox 151 94 1849 142; baseline -0.002 -11"><span class='ocrx_word' id='word_1_2' title='bbox 151 99 201 131; x_wconf 77' lang='lat' dir='ltr'>les</span> <span class='ocrx_word' id='word_1_3' title='bbox 220 97 303 130; x_wconf 81' lang='lat' dir='ltr'>enim</span> <span class='ocrx_word' id='word_1_4' title='bbox 321 97 396 130; x_wconf 81' lang='lat' dir='ltr'>licet</span> <span class='ocrx_word' id='word_1_5' title='bbox 415 95 532 139; x_wconf 70' lang='lat' dir='ltr'>passim</span> <span class='ocrx_word' id='word_1_6' title='bbox 550 97 626 131; x_wconf 82' lang='lat' dir='ltr'>dicti</span> <span class='ocrx_word' id='word_1_7' title='bbox 644 98 724 139; x_wconf 77' lang='lat' dir='ltr'>sint,</span> <span class='ocrx_word' id='word_1_8' title='bbox 752 98 804 139; x_wconf 83' lang='lat' dir='ltr'>qui</span> <span class='ocrx_word' id='word_1_9' title='bbox 823 97 984 142; x_wconf 78' lang='lat' dir='ltr'>designati</span> <span class='ocrx_word' id='word_1_10' title='bbox 1003 100 1123 130; x_wconf 83' lang='lat' dir='ltr'>tantum</span> <span class='ocrx_word' id='word_1_11' title='bbox 1142 99 1254 130; x_wconf 81' lang='lat' dir='ltr'>essent</span> <span class='ocrx_word' id='word_1_12' title='bbox 1273 95 1314 129; x_wconf 75' lang='lat' dir='ltr'>ad</span> <span class='ocrx_word' id='word_1_13' title='bbox 1333 95 1545 137; x_wconf 84' lang='lat' dir='ltr'>consulatum,</span> <span class='ocrx_word' id='word_1_14' title='bbox 1566 94 1639 127; x_wconf 80' lang='lat' dir='ltr'>binc</span> <span class='ocrx_word' id='word_1_15' title='bbox 1658 97 1765 127; x_wconf 69' lang='lat' dir='ltr'>umen</span> <span class='ocrx_word' id='word_1_16' title='bbox 1784 101 1849 127; x_wconf 73' lang='lat' dir='ltr'>n·-</span> 
     </span>
     <span class='ocr_line' id='line_1_3' title="bbox 151 144 1849 192; baseline -0.003 -11"><span class='ocrx_word' id='word_1_17' title='bbox 151 148 310 190; x_wconf 80' lang='lat' dir='ltr'>sequitur,</span> <span class='ocrx_word' id='word_1_18' title='bbox 338 149 371 180; x_wconf 90' lang='lat' dir='ltr'>ut</span> <span class='ocrx_word' id='word_1_19' title='bbox 394 147 555 192; x_wconf 82' lang='lat' dir='ltr'>designati</span> <span class='ocrx_word' id='word_1_20' title='bbox 579 150 643 180; x_wconf 86' lang='lat' dir='ltr'>tum</span> <span class='ocrx_word' id='word_1_21' title='bbox 664 158 786 190; x_wconf 82' lang='lat' dir='ltr'>quoque</span> <span class='ocrx_word' id='word_1_22' title='bbox 805 149 964 182; x_wconf 85' lang='lat' dir='ltr'>memorati</span> <span class='ocrx_word' id='word_1_23' title='bbox 984 149 1064 191; x_wconf 77' lang='lat' dir='ltr'>sint,</span> <span class='ocrx_word' id='word_1_24' title='bbox 1099 148 1152 180; x_wconf 89' lang='lat' dir='ltr'>ubi</span> <span class='ocrx_word' id='word_1_25' title='bbox 1171 157 1279 182; x_wconf 73' lang='lat' dir='ltr'>annus,</span> <span class='ocrx_word' id='word_1_26' title='bbox 1293 146 1488 179; x_wconf 85' lang='lat' dir='ltr'>denotandus</span> <span class='ocrx_word' id='word_1_27' title='bbox 1508 146 1613 179; x_wconf 85' lang='lat' dir='ltr'>fuerit.</span> <span class='ocrx_word' id='word_1_28' title='bbox 1652 145 1800 186; x_wconf 73' lang='lat' dir='ltr'>Denique</span> <span class='ocrx_word' id='word_1_29' title='bbox 1817 144 1849 176; x_wconf 74' lang='lat' dir='ltr'>ni</span> 
     </span>
     <span class='ocr_line' id='line_1_4' title="bbox 152 195 1846 241; baseline -0.003 -10"><span class='ocrx_word' id='word_1_30' title='bbox 152 208 230 232; x_wconf 90' lang='lat' dir='ltr'>vere</span> <span class='ocrx_word' id='word_1_31' title='bbox 250 198 309 231; x_wconf 87' lang='lat' dir='ltr'>hoc</span> <span class='ocrx_word' id='word_1_32' title='bbox 329 198 453 241; x_wconf 80' lang='lat' dir='ltr'>egisset</span> <span class='ocrx_word' id='word_1_33' title='bbox 474 198 603 241; x_wconf 88' lang='lat' dir='ltr'>Cicero,</span> <span class='ocrx_word' id='word_1_34' title='bbox 624 201 658 230; x_wconf 88' lang='lat' dir='ltr'>ut</span> <span class='ocrx_word' id='word_1_35' title='bbox 677 201 838 241; x_wconf 89' lang='lat' dir='ltr'>utrumque</span> <span class='ocrx_word' id='word_1_36' title='bbox 857 200 907 231; x_wconf 83' lang='lat' dir='ltr'>his</span> <span class='ocrx_word' id='word_1_37' title='bbox 926 200 1034 232; x_wconf 87' lang='lat' dir='ltr'>verbis</span> <span class='ocrx_word' id='word_1_38' title='bbox 1053 199 1158 231; x_wconf 80' lang='lat' dir='ltr'>Attico</span> <span class='ocrx_word' id='word_1_39' title='bbox 1179 199 1353 240; x_wconf 77' lang='lat' dir='ltr'>nuntiaret,</span> <span class='ocrx_word' id='word_1_40' title='bbox 1375 200 1408 231; x_wconf 91' lang='lat' dir='ltr'>et</span> <span class='ocrx_word' id='word_1_41' title='bbox 1428 197 1577 231; x_wconf 86' lang='lat' dir='ltr'>consules</span> <span class='ocrx_word' id='word_1_42' title='bbox 1596 196 1668 229; x_wconf 87' lang='lat' dir='ltr'>illos</span> <span class='ocrx_word' id='word_1_43' title='bbox 1688 195 1846 238; x_wconf 73' lang='lat' dir='ltr'>designa-</span> 
     </span>
     <span class='ocr_line' id='line_1_5' title="bbox 153 242 1846 293; baseline -0.002 -13"><span class='ocrx_word' id='word_1_44' title='bbox 153 252 204 280; x_wconf 83' lang='lat' dir='ltr'>tos</span> <span class='ocrx_word' id='word_1_45' title='bbox 224 251 258 281; x_wconf 91' lang='lat' dir='ltr'>et</span> <span class='ocrx_word' id='word_1_46' title='bbox 277 248 400 280; x_wconf 87' lang='lat' dir='ltr'>filiolum</span> <span class='ocrx_word' id='word_1_47' title='bbox 420 252 526 280; x_wconf 89' lang='lat' dir='ltr'>natum</span> <span class='ocrx_word' id='word_1_48' title='bbox 546 242 622 281; x_wconf 78' lang='lat' dir='ltr'>esse</span> <span class='ocrx_word' id='word_1_49' title='bbox 641 252 714 290; x_wconf 90' lang='lat' dir='ltr'>post</span> <span class='ocrx_word' id='word_1_50' title='bbox 727 249 913 293; x_wconf 81' lang='lat' dir='ltr'>designatos</span> <span class='ocrx_word' id='word_1_51' title='bbox 933 258 1001 292; x_wconf 83' lang='lat' dir='ltr'>eos,</span> <span class='ocrx_word' id='word_1_52' title='bbox 1023 250 1104 281; x_wconf 89' lang='lat' dir='ltr'>haud</span> <span class='ocrx_word' id='word_1_53' title='bbox 1125 250 1191 280; x_wconf 85' lang='lat' dir='ltr'>scio</span> <span class='ocrx_word' id='word_1_54' title='bbox 1212 258 1253 279; x_wconf 84' lang='lat' dir='ltr'>an</span> <span class='ocrx_word' id='word_1_55' title='bbox 1273 249 1410 289; x_wconf 81' lang='lat' dir='ltr'>putidius</span> <span class='ocrx_word' id='word_1_56' title='bbox 1429 248 1544 279; x_wconf 84' lang='lat' dir='ltr'>suisset</span> <span class='ocrx_word' id='word_1_57' title='bbox 1563 246 1716 284; x_wconf 81' lang='lat' dir='ltr'>ejusmodi</span> <span class='ocrx_word' id='word_1_58' title='bbox 1735 247 1846 278; x_wconf 85' lang='lat' dir='ltr'>brevi—</span> 
     </span>
     <span class='ocr_line' id='line_1_6' title="bbox 151 297 1845 342; baseline -0.001 -11"><span class='ocrx_word' id='word_1_59' title='bbox 151 300 330 340; x_wconf 86' lang='lat' dir='ltr'>loquentiae</span> <span class='ocrx_word' id='word_1_60' title='bbox 349 300 518 340; x_wconf 81' lang='lat' dir='ltr'>specimen.</span> <span class='ocrx_word' id='word_1_61' title='bbox 557 301 809 340; x_wconf 83' lang='lat' dir='ltr'>Fxspectabatur</span> <span class='ocrx_word' id='word_1_62' title='bbox 828 303 931 332; x_wconf 83' lang='lat' dir='ltr'>certe:</span> <span class='ocrx_word' id='word_1_63' title='bbox 971 301 1080 342; x_wconf 85' lang='lat' dir='ltr'>„Post</span> <span class='ocrx_word' id='word_1_64' title='bbox 1101 300 1273 332; x_wconf 87' lang='lat' dir='ltr'>Caesarem</span> <span class='ocrx_word' id='word_1_65' title='bbox 1301 303 1335 331; x_wconf 88' lang='lat' dir='ltr'>et</span> <span class='ocrx_word' id='word_1_66' title='bbox 1353 300 1498 342; x_wconf 84' lang='lat' dir='ltr'>Figulum</span> <span class='ocrx_word' id='word_1_67' title='bbox 1517 298 1666 331; x_wconf 83' lang='lat' dir='ltr'>consules</span> <span class='ocrx_word' id='word_1_68' title='bbox 1686 297 1845 340; x_wconf 69' lang='lat' dir='ltr'>designa-</span> 
     </span>
     <span class='ocr_line' id='line_1_7' title="bbox 151 350 625 391; baseline 0 -9"><span class='ocrx_word' id='word_1_69' title='bbox 151 350 232 382; x_wconf 87' lang='lat' dir='ltr'>tos“</span> <span class='ocrx_word' id='word_1_70' title='bbox 251 352 322 383; x_wconf 88' lang='lat' dir='ltr'>sive</span> <span class='ocrx_word' id='word_1_71' title='bbox 341 352 441 383; x_wconf 90' lang='lat' dir='ltr'>simile</span> <span class='ocrx_word' id='word_1_72' title='bbox 462 351 625 391; x_wconf 80' lang='lat' dir='ltr'>quidpiam.</span> 
     </span>
    </p>

    <p class='ocr_par' dir='ltr' id='par_1_3' title="bbox 146 400 1844 1622">
     <span class='ocr_line' id='line_1_8' title="bbox 293 400 1844 444; baseline -0.001 -11"><span class='ocrx_word' id='word_1_73' title='bbox 293 402 392 433; x_wconf 84' lang='lat' dir='ltr'>Aliam</span> <span class='ocrx_word' id='word_1_74' title='bbox 412 411 489 434; x_wconf 81' lang='lat' dir='ltr'>vero</span> <span class='ocrx_word' id='word_1_75' title='bbox 510 402 720 435; x_wconf 82' lang='lat' dir='ltr'>difficultatem</span> <span class='ocrx_word' id='word_1_76' title='bbox 740 412 780 435; x_wconf 93' lang='lat' dir='ltr'>ea</span> <span class='ocrx_word' id='word_1_77' title='bbox 800 403 869 444; x_wconf 89' lang='lat' dir='ltr'>ipsa</span> <span class='ocrx_word' id='word_1_78' title='bbox 892 403 992 435; x_wconf 88' lang='lat' dir='ltr'>verba</span> <span class='ocrx_word' id='word_1_79' title='bbox 1012 404 1153 444; x_wconf 90' lang='lat' dir='ltr'>movent,</span> <span class='ocrx_word' id='word_1_80' title='bbox 1183 403 1295 444; x_wconf 88' lang='lat' dir='ltr'>quibus</span> <span class='ocrx_word' id='word_1_81' title='bbox 1315 402 1355 434; x_wconf 92' lang='lat' dir='ltr'>de</span> <span class='ocrx_word' id='word_1_82' title='bbox 1376 401 1565 434; x_wconf 89' lang='lat' dir='ltr'>defendendi</span> <span class='ocrx_word' id='word_1_83' title='bbox 1585 400 1743 433; x_wconf 74' lang='lat' dir='ltr'>Catilinae</span> <span class='ocrx_word' id='word_1_84' title='bbox 1764 409 1844 432; x_wconf 88' lang='lat' dir='ltr'>con-</span> 
     </span>
     <span class='ocr_line' id='line_1_9' title="bbox 151 453 1844 496; baseline 0 -12"><span class='ocrx_word' id='word_1_85' title='bbox 151 454 222 485; x_wconf 90' lang='lat' dir='ltr'>silio</span> <span class='ocrx_word' id='word_1_86' title='bbox 243 453 356 485; x_wconf 88' lang='lat' dir='ltr'>Cicero</span> <span class='ocrx_word' id='word_1_87' title='bbox 373 454 505 485; x_wconf 84' lang='lat' dir='ltr'>Atticum</span> <span class='ocrx_word' id='word_1_88' title='bbox 526 455 689 486; x_wconf 83' lang='lat' dir='ltr'>certiorem</span> <span class='ocrx_word' id='word_1_89' title='bbox 709 454 794 486; x_wconf 91' lang='lat' dir='ltr'>facit.</span> <span class='ocrx_word' id='word_1_90' title='bbox 835 454 1116 496; x_wconf 72' lang='lat' dir='ltr'>„noc.tempon·e‚“</span> <span class='ocrx_word' id='word_1_91' title='bbox 1138 455 1192 495; x_wconf 87' lang='lat' dir='ltr'>ait,</span> <span class='ocrx_word' id='word_1_92' title='bbox 1214 454 1416 495; x_wconf 75' lang='lat' dir='ltr'>„Catilinam,</span> <span class='ocrx_word' id='word_1_93' title='bbox 1438 454 1677 494; x_wconf 77' lang='lat' dir='ltr'>competitorem¹</span> <span class='ocrx_word' id='word_1_94' title='bbox 1691 455 1844 494; x_wconf 79' lang='lat' dir='ltr'>nostrum,</span> 
     </span>
     <span class='ocr_line' id='line_1_10' title="bbox 154 503 1842 550; baseline -0.001 -13"><span class='ocrx_word' id='word_1_95' title='bbox 154 504 326 538; x_wconf 82' lang='lat' dir='ltr'>defendere</span> <span class='ocrx_word' id='word_1_96' title='bbox 347 504 556 548; x_wconf 79' lang='lat' dir='ltr'>cogitamus.“</span> <span class='ocrx_word' id='word_1_97' title='bbox 599 505 730 538; x_wconf 86' lang='lat' dir='ltr'>Comitia</span> <span class='ocrx_word' id='word_1_98' title='bbox 751 506 857 550; x_wconf 83' lang='lat' dir='ltr'>igitur,</span> <span class='ocrx_word' id='word_1_99' title='bbox 878 506 988 547; x_wconf 90' lang='lat' dir='ltr'>quibus</span> <span class='ocrx_word' id='word_1_100' title='bbox 1010 506 1133 539; x_wconf 82' lang='lat' dir='ltr'>Caesar</span> <span class='ocrx_word' id='word_1_101' title='bbox 1153 510 1186 539; x_wconf 89' lang='lat' dir='ltr'>et</span> <span class='ocrx_word' id='word_1_102' title='bbox 1199 506 1329 549; x_wconf 83' lang='lat' dir='ltr'>Figulus</span> <span class='ocrx_word' id='word_1_103' title='bbox 1350 506 1497 539; x_wconf 88' lang='lat' dir='ltr'>consules</span> <span class='ocrx_word' id='word_1_104' title='bbox 1516 505 1685 538; x_wconf 87' lang='lat' dir='ltr'>renuntiati</span> <span class='ocrx_word' id='word_1_105' title='bbox 1705 503 1842 546; x_wconf 78' lang='lat' dir='ltr'>fuerant,</span> 
     </span>
     <span class='ocr_line' id='line_1_11' title="bbox 152 554 1843 599; baseline -0.001 -12"><span class='ocrx_word' id='word_1_106' title='bbox 152 559 217 587; x_wconf 90' lang='lat' dir='ltr'>tum</span> <span class='ocrx_word' id='word_1_107' title='bbox 237 559 349 588; x_wconf 84' lang='lat' dir='ltr'>exacta</span> <span class='ocrx_word' id='word_1_108' title='bbox 371 559 471 588; x_wconf 85' lang='lat' dir='ltr'>erant.</span> <span class='ocrx_word' id='word_1_109' title='bbox 513 556 602 595; x_wconf 80' lang='lat' dir='ltr'>Quae</span> <span class='ocrx_word' id='word_1_110' title='bbox 623 566 683 598; x_wconf 91' lang='lat' dir='ltr'>quo</span> <span class='ocrx_word' id='word_1_111' title='bbox 704 561 843 599; x_wconf 87' lang='lat' dir='ltr'>tempore</span> <span class='ocrx_word' id='word_1_112' title='bbox 862 558 969 589; x_wconf 87' lang='lat' dir='ltr'>habita</span> <span class='ocrx_word' id='word_1_113' title='bbox 988 558 1119 599; x_wconf 89' lang='lat' dir='ltr'>fuerint,</span> <span class='ocrx_word' id='word_1_114' title='bbox 1140 567 1295 598; x_wconf 84' lang='lat' dir='ltr'>expresse</span> <span class='ocrx_word' id='word_1_115' title='bbox 1309 558 1431 599; x_wconf 88' lang='lat' dir='ltr'>quidem</span> <span class='ocrx_word' id='word_1_116' title='bbox 1449 566 1600 598; x_wconf 80' lang='lat' dir='ltr'>nusquam</span> <span class='ocrx_word' id='word_1_117' title='bbox 1620 556 1763 597; x_wconf 83' lang='lat' dir='ltr'>traditur,</span> <span class='ocrx_word' id='word_1_118' title='bbox 1783 554 1843 587; x_wconf 85' lang='lat' dir='ltr'>sed</span> 
     </span>
     <span class='ocr_line' id='line_1_12' title="bbox 155 607 1843 651; baseline -0.002 -11"><span class='ocrx_word' id='word_1_119' title='bbox 155 609 308 651; x_wconf 82' lang='lat' dir='ltr'>colligere</span> <span class='ocrx_word' id='word_1_120' title='bbox 327 608 465 639; x_wconf 87' lang='lat' dir='ltr'>fortasse</span> <span class='ocrx_word' id='word_1_121' title='bbox 487 618 505 639; x_wconf 88' lang='lat' dir='ltr'>e</span> <span class='ocrx_word' id='word_1_122' title='bbox 526 609 628 648; x_wconf 82' lang='lat' dir='ltr'>priore</span> <span class='ocrx_word' id='word_1_123' title='bbox 649 610 783 649; x_wconf 81' lang='lat' dir='ltr'>epistola</span> <span class='ocrx_word' id='word_1_124' title='bbox 802 611 887 641; x_wconf 87' lang='lat' dir='ltr'>licet.</span> <span class='ocrx_word' id='word_1_125' title='bbox 927 610 962 641; x_wconf 85' lang='lat' dir='ltr'>ln</span> <span class='ocrx_word' id='word_1_126' title='bbox 991 620 1053 650; x_wconf 88' lang='lat' dir='ltr'>qua</span> <span class='ocrx_word' id='word_1_127' title='bbox 1073 619 1162 650; x_wconf 89' lang='lat' dir='ltr'>quum</span> <span class='ocrx_word' id='word_1_128' title='bbox 1184 609 1295 640; x_wconf 87' lang='lat' dir='ltr'>Cicero</span> <span class='ocrx_word' id='word_1_129' title='bbox 1315 619 1424 640; x_wconf 87' lang='lat' dir='ltr'>mense</span> <span class='ocrx_word' id='word_1_130' title='bbox 1444 620 1481 641; x_wconf 90' lang='lat' dir='ltr'>se</span> <span class='ocrx_word' id='word_1_131' title='bbox 1502 609 1682 649; x_wconf 87' lang='lat' dir='ltr'>Septembri</span> <span class='ocrx_word' id='word_1_132' title='bbox 1701 607 1843 649; x_wconf 78' lang='lat' dir='ltr'>legatum</span> 
     </span>
     <span class='ocr_line' id='line_1_13' title="bbox 151 659 1842 702; baseline -0.001 -11"><span class='ocrx_word' id='word_1_133' title='bbox 151 668 320 692; x_wconf 79' lang='lat' dir='ltr'>excurrere</span> <span class='ocrx_word' id='word_1_134' title='bbox 346 659 430 691; x_wconf 85' lang='lat' dir='ltr'>velle</span> <span class='ocrx_word' id='word_1_135' title='bbox 450 660 481 690; x_wconf 91' lang='lat' dir='ltr'>in</span> <span class='ocrx_word' id='word_1_136' title='bbox 502 659 633 691; x_wconf 82' lang='lat' dir='ltr'>Galliam</span> <span class='ocrx_word' id='word_1_137' title='bbox 655 660 852 702; x_wconf 83' lang='lat' dir='ltr'>profiteatur,</span> <span class='ocrx_word' id='word_1_138' title='bbox 876 663 905 691; x_wconf 88' lang='lat' dir='ltr'>ul</span> <span class='ocrx_word' id='word_1_139' title='bbox 927 662 1078 693; x_wconf 87' lang='lat' dir='ltr'>Januario</span> <span class='ocrx_word' id='word_1_140' title='bbox 1092 662 1286 702; x_wconf 84' lang='lat' dir='ltr'>revertatur,</span> <span class='ocrx_word' id='word_1_141' title='bbox 1309 662 1432 692; x_wconf 90' lang='lat' dir='ltr'>comitia</span> <span class='ocrx_word' id='word_1_142' title='bbox 1450 661 1505 692; x_wconf 93' lang='lat' dir='ltr'>illa</span> <span class='ocrx_word' id='word_1_143' title='bbox 1525 659 1674 693; x_wconf 84' lang='lat' dir='ltr'>credibile</span> <span class='ocrx_word' id='word_1_144' title='bbox 1694 662 1746 692; x_wconf 87' lang='lat' dir='ltr'>est</span> <span class='ocrx_word' id='word_1_145' title='bbox 1766 660 1842 691; x_wconf 81' lang='lat' dir='ltr'>ante</span> 
     </span>
     <span class='ocr_line' id='line_1_14' title="bbox 152 710 1840 754; baseline 0 -11"><span class='ocrx_word' id='word_1_146' title='bbox 152 710 370 752; x_wconf 82' lang='lat' dir='ltr'>Septembrem</span> <span class='ocrx_word' id='word_1_147' title='bbox 390 720 527 743; x_wconf 89' lang='lat' dir='ltr'>mensem</span> <span class='ocrx_word' id='word_1_148' title='bbox 548 710 653 742; x_wconf 89' lang='lat' dir='ltr'>habita</span> <span class='ocrx_word' id='word_1_149' title='bbox 673 721 761 744; x_wconf 88' lang='lat' dir='ltr'>esse.</span> <span class='ocrx_word' id='word_1_150' title='bbox 800 712 866 744; x_wconf 88' lang='lat' dir='ltr'>lter</span> <span class='ocrx_word' id='word_1_151' title='bbox 885 721 973 754; x_wconf 84' lang='lat' dir='ltr'>vero,</span> <span class='ocrx_word' id='word_1_152' title='bbox 995 712 1076 753; x_wconf 87' lang='lat' dir='ltr'>quod</span> <span class='ocrx_word' id='word_1_153' title='bbox 1097 711 1187 753; x_wconf 88' lang='lat' dir='ltr'>dicit,</span> <span class='ocrx_word' id='word_1_154' title='bbox 1208 714 1387 753; x_wconf 85' lang='lat' dir='ltr'>susceptum</span> <span class='ocrx_word' id='word_1_155' title='bbox 1407 721 1482 745; x_wconf 87' lang='lat' dir='ltr'>esse</span> <span class='ocrx_word' id='word_1_156' title='bbox 1502 712 1542 744; x_wconf 91' lang='lat' dir='ltr'>ab</span> <span class='ocrx_word' id='word_1_157' title='bbox 1563 721 1613 753; x_wconf 90' lang='lat' dir='ltr'>eo,</span> <span class='ocrx_word' id='word_1_158' title='bbox 1635 721 1678 744; x_wconf 87' lang='lat' dir='ltr'>ex</span> <span class='ocrx_word' id='word_1_159' title='bbox 1698 711 1840 743; x_wconf 85' lang='lat' dir='ltr'>oratione</span> 
     </span>
     <span class='ocr_line' id='line_1_15' title="bbox 152 760 1838 807; baseline -0.001 -14"><span class='ocrx_word' id='word_1_160' title='bbox 152 762 184 793; x_wconf 89' lang='lat' dir='ltr'>in</span> <span class='ocrx_word' id='word_1_161' title='bbox 204 762 371 793; x_wconf 87' lang='lat' dir='ltr'>Antonium</span> <span class='ocrx_word' id='word_1_162' title='bbox 390 762 529 793; x_wconf 87' lang='lat' dir='ltr'>secunda</span> <span class='ocrx_word' id='word_1_163' title='bbox 550 760 601 805; x_wconf 81' lang='lat' dir='ltr'>[c.</span> <span class='ocrx_word' id='word_1_164' title='bbox 621 764 671 805; x_wconf 83' lang='lat'>30,</span> <span class='ocrx_word' id='word_1_165' title='bbox 692 760 753 806; x_wconf 78' lang='lat'>76)</span> <span class='ocrx_word' id='word_1_166' title='bbox 774 763 970 807; x_wconf 76' lang='lat' dir='ltr'>intelligitur,</span> <span class='ocrx_word' id='word_1_167' title='bbox 991 773 1174 805; x_wconf 83' lang='lat' dir='ltr'>quamquam</span> <span class='ocrx_word' id='word_1_168' title='bbox 1192 772 1262 793; x_wconf 90' lang='lat' dir='ltr'>num</span> <span class='ocrx_word' id='word_1_169' title='bbox 1282 763 1391 793; x_wconf 89' lang='lat' dir='ltr'>eodem</span> <span class='ocrx_word' id='word_1_170' title='bbox 1411 763 1516 804; x_wconf 85' lang='lat' dir='ltr'>plane,</span> <span class='ocrx_word' id='word_1_171' title='bbox 1538 772 1598 804; x_wconf 91' lang='lat' dir='ltr'>quo</span> <span class='ocrx_word' id='word_1_172' title='bbox 1620 762 1838 798; x_wconf 68' lang='lat' dir='ltr'>constituerat,</span> 
     </span>
     <span class='ocr_line' id='line_1_16' title="bbox 150 812 1837 855; baseline -0.001 -10"><span class='ocrx_word' id='word_1_173' title='bbox 150 816 305 854; x_wconf 87' lang='lat' dir='ltr'>tempore,</span> <span class='ocrx_word' id='word_1_174' title='bbox 331 822 392 844; x_wconf 89' lang='lat' dir='ltr'>non</span> <span class='ocrx_word' id='word_1_175' title='bbox 418 815 462 844; x_wconf 86' lang='lat' dir='ltr'>ita</span> <span class='ocrx_word' id='word_1_176' title='bbox 487 814 680 854; x_wconf 89' lang='lat' dir='ltr'>exploratum</span> <span class='ocrx_word' id='word_1_177' title='bbox 707 817 768 845; x_wconf 91' lang='lat' dir='ltr'>est.</span> <span class='ocrx_word' id='word_1_178' title='bbox 818 813 886 845; x_wconf 87' lang='lat' dir='ltr'>Sed</span> <span class='ocrx_word' id='word_1_179' title='bbox 911 814 1015 853; x_wconf 81' lang='lat' dir='ltr'>adjicit</span> <span class='ocrx_word' id='word_1_180' title='bbox 1043 824 1165 855; x_wconf 88' lang='lat' dir='ltr'>„quum</span> <span class='ocrx_word' id='word_1_181' title='bbox 1185 815 1304 845; x_wconf 83' lang='lat' dir='ltr'>Romae</span> <span class='ocrx_word' id='word_1_182' title='bbox 1331 824 1350 845; x_wconf 90' lang='lat' dir='ltr'>a</span> <span class='ocrx_word' id='word_1_183' title='bbox 1375 815 1495 854; x_wconf 82' lang='lat' dir='ltr'>judiciis</span> <span class='ocrx_word' id='word_1_184' title='bbox 1520 815 1617 845; x_wconf 86' lang='lat' dir='ltr'>forum</span> <span class='ocrx_word' id='word_1_185' title='bbox 1642 812 1837 846; x_wconf 74' lang='lat' dir='ltr'>refrixerit.“</span> 
     </span>
     <span class='ocr_line' id='line_1_17' title="bbox 150 863 1838 909; baseline 0 -13"><span class='ocrx_word' id='word_1_186' title='bbox 150 863 241 897; x_wconf 88' lang='lat' dir='ltr'>Unde</span> <span class='ocrx_word' id='word_1_187' title='bbox 266 874 358 905; x_wconf 88' lang='lat' dir='ltr'>quum</span> <span class='ocrx_word' id='word_1_188' title='bbox 385 865 466 897; x_wconf 81' lang='lat' dir='ltr'>effici</span> <span class='ocrx_word' id='word_1_189' title='bbox 492 864 653 907; x_wconf 85' lang='lat' dir='ltr'>videatur,</span> <span class='ocrx_word' id='word_1_190' title='bbox 683 864 837 897; x_wconf 74' lang='lat' dir='ltr'>Catilinae</span> <span class='ocrx_word' id='word_1_191' title='bbox 863 874 986 906; x_wconf 90' lang='lat' dir='ltr'>quoque</span> <span class='ocrx_word' id='word_1_192' title='bbox 1013 875 1129 898; x_wconf 89' lang='lat' dir='ltr'>causae</span> <span class='ocrx_word' id='word_1_193' title='bbox 1157 865 1303 909; x_wconf 81' lang='lat' dir='ltr'>agendae</span> <span class='ocrx_word' id='word_1_194' title='bbox 1324 875 1362 898; x_wconf 89' lang='lat' dir='ltr'>eo</span> <span class='ocrx_word' id='word_1_195' title='bbox 1383 868 1522 907; x_wconf 86' lang='lat' dir='ltr'>tempore</span> <span class='ocrx_word' id='word_1_196' title='bbox 1542 866 1596 897; x_wconf 87' lang='lat' dir='ltr'>vix</span> <span class='ocrx_word' id='word_1_197' title='bbox 1617 865 1717 897; x_wconf 81' lang='lat' dir='ltr'>lecum</span> <span class='ocrx_word' id='word_1_198' title='bbox 1738 866 1838 897; x_wconf 85' lang='lat' dir='ltr'>fuisse</span> 
     </span>
     <span class='ocr_line' id='line_1_18' title="bbox 152 913 1837 959; baseline 0 -13"><span class='ocrx_word' id='word_1_199' title='bbox 152 913 242 958; x_wconf 80' lang='lat' dir='ltr'>[Csr.</span> <span class='ocrx_word' id='word_1_200' title='bbox 263 916 295 946; x_wconf 89' lang='lat' dir='ltr'>in</span> <span class='ocrx_word' id='word_1_201' title='bbox 318 916 409 948; x_wconf 89' lang='lat' dir='ltr'>Verr.</span> <span class='ocrx_word' id='word_1_202' title='bbox 429 917 500 948; x_wconf 85' lang='lat' dir='ltr'>Act.</span> <span class='ocrx_word' id='word_1_203' title='bbox 522 918 550 958; x_wconf 83' lang='grc' dir='ltr'>ί,</span> <span class='ocrx_word' id='word_1_204' title='bbox 573 926 600 948; x_wconf 89' lang='lat' dir='ltr'>c.</span> <span class='ocrx_word' id='word_1_205' title='bbox 624 914 676 959; x_wconf 79' lang='lat'>8),</span> <span class='ocrx_word' id='word_1_206' title='bbox 698 916 777 948; x_wconf 87' lang='lat' dir='ltr'>haec</span> <span class='ocrx_word' id='word_1_207' title='bbox 798 919 831 948; x_wconf 87' lang='lat' dir='ltr'>et</span> <span class='ocrx_word' id='word_1_208' title='bbox 849 916 919 957; x_wconf 86' lang='lat' dir='ltr'>ipsa</span> <span class='ocrx_word' id='word_1_209' title='bbox 934 919 1063 957; x_wconf 87' lang='lat' dir='ltr'>peracta</span> <span class='ocrx_word' id='word_1_210' title='bbox 1084 926 1158 948; x_wconf 80' lang='lat' dir='ltr'>esse</span> <span class='ocrx_word' id='word_1_211' title='bbox 1177 916 1300 948; x_wconf 80' lang='lat' dir='ltr'>videtur</span> <span class='ocrx_word' id='word_1_212' title='bbox 1320 919 1393 948; x_wconf 88' lang='lat' dir='ltr'>ante</span> <span class='ocrx_word' id='word_1_213' title='bbox 1408 919 1529 958; x_wconf 90' lang='lat' dir='ltr'>tempus</span> <span class='ocrx_word' id='word_1_214' title='bbox 1549 916 1635 958; x_wconf 90' lang='lat' dir='ltr'>illud,</span> <span class='ocrx_word' id='word_1_215' title='bbox 1657 925 1717 957; x_wconf 91' lang='lat' dir='ltr'>quo</span> <span class='ocrx_word' id='word_1_216' title='bbox 1738 915 1837 946; x_wconf 89' lang='lat' dir='ltr'>forum</span> 
     </span>
     <span class='ocr_line' id='line_1_19' title="bbox 149 966 1837 1010; baseline -0.001 -12"><span class='ocrx_word' id='word_1_217' title='bbox 149 976 168 998; x_wconf 85' lang='lat' dir='ltr'>a</span> <span class='ocrx_word' id='word_1_218' title='bbox 183 966 309 1007; x_wconf 86' lang='lat' dir='ltr'>judiciis</span> <span class='ocrx_word' id='word_1_219' title='bbox 328 966 566 1010; x_wconf 82' lang='lat' dir='ltr'>refrigesceret,</span> <span class='ocrx_word' id='word_1_220' title='bbox 588 970 620 999; x_wconf 89' lang='lat' dir='ltr'>et</span> <span class='ocrx_word' id='word_1_221' title='bbox 641 967 775 1008; x_wconf 88' lang='lat' dir='ltr'>epistola</span> <span class='ocrx_word' id='word_1_222' title='bbox 794 967 858 1008; x_wconf 87' lang='lat' dir='ltr'>illa,</span> <span class='ocrx_word' id='word_1_223' title='bbox 884 976 945 1007; x_wconf 88' lang='lat' dir='ltr'>qua</span> <span class='ocrx_word' id='word_1_224' title='bbox 965 968 1085 998; x_wconf 86' lang='lat' dir='ltr'>consilii</span> <span class='ocrx_word' id='word_1_225' title='bbox 1105 968 1165 998; x_wconf 87' lang='lat' dir='ltr'>sibi</span> <span class='ocrx_word' id='word_1_226' title='bbox 1185 967 1244 998; x_wconf 87' lang='lat' dir='ltr'>hoc</span> <span class='ocrx_word' id='word_1_227' title='bbox 1264 967 1362 999; x_wconf 89' lang='lat' dir='ltr'>fuisse</span> <span class='ocrx_word' id='word_1_228' title='bbox 1378 968 1490 1000; x_wconf 90' lang='lat' dir='ltr'>Cicero</span> <span class='ocrx_word' id='word_1_229' title='bbox 1511 968 1595 1010; x_wconf 84' lang='lat' dir='ltr'>dicit,</span> <span class='ocrx_word' id='word_1_230' title='bbox 1617 970 1651 998; x_wconf 87' lang='lat' dir='ltr'>ut</span> <span class='ocrx_word' id='word_1_231' title='bbox 1670 967 1837 998; x_wconf 79' lang='lat' dir='ltr'>Catilinam</span> 
     </span>
     <span class='ocr_line' id='line_1_20' title="bbox 151 1016 1837 1061; baseline -0.001 -11"><span class='ocrx_word' id='word_1_232' title='bbox 151 1016 350 1058; x_wconf 87' lang='lat' dir='ltr'>defenderet,</span> <span class='ocrx_word' id='word_1_233' title='bbox 379 1018 447 1058; x_wconf 88' lang='lat' dir='ltr'>ipso</span> <span class='ocrx_word' id='word_1_234' title='bbox 468 1018 605 1051; x_wconf 84' lang='lat' dir='ltr'>sortasse</span> <span class='ocrx_word' id='word_1_235' title='bbox 620 1020 685 1059; x_wconf 85' lang='lat' dir='ltr'>jam</span> <span class='ocrx_word' id='word_1_236' title='bbox 706 1017 822 1050; x_wconf 85' lang='lat' dir='ltr'>Sextili</span> <span class='ocrx_word' id='word_1_237' title='bbox 842 1027 950 1050; x_wconf 78' lang='lat' dir='ltr'>mense-</span> <span class='ocrx_word' id='word_1_238' title='bbox 970 1019 1144 1059; x_wconf 87' lang='lat' dir='ltr'>perscripta</span> <span class='ocrx_word' id='word_1_239' title='bbox 1170 1018 1271 1050; x_wconf 90' lang='lat' dir='ltr'>fuerit.</span> <span class='ocrx_word' id='word_1_240' title='bbox 1310 1020 1382 1050; x_wconf 84' lang='lat' dir='ltr'>Jam</span> <span class='ocrx_word' id='word_1_241' title='bbox 1403 1029 1494 1061; x_wconf 93' lang='lat' dir='ltr'>quum</span> <span class='ocrx_word' id='word_1_242' title='bbox 1515 1019 1650 1061; x_wconf 88' lang='lat' dir='ltr'>epistola</span> <span class='ocrx_word' id='word_1_243' title='bbox 1670 1019 1753 1059; x_wconf 90' lang='lat' dir='ltr'>prior</span> <span class='ocrx_word' id='word_1_244' title='bbox 1773 1026 1837 1049; x_wconf 90' lang='lat' dir='ltr'>non</span> 
     </span>
     <span class='ocr_line' id='line_1_21' title="bbox 149 1069 1835 1111; baseline 0 -11"><span class='ocrx_word' id='word_1_245' title='bbox 149 1069 242 1100; x_wconf 88' lang='lat' dir='ltr'>multo</span> <span class='ocrx_word' id='word_1_246' title='bbox 270 1072 343 1100; x_wconf 85' lang='lat' dir='ltr'>ant-e</span> <span class='ocrx_word' id='word_1_247' title='bbox 368 1069 465 1111; x_wconf 81' lang='lat' dir='ltr'>diem,</span> <span class='ocrx_word' id='word_1_248' title='bbox 492 1079 552 1110; x_wconf 90' lang='lat' dir='ltr'>quo</span> <span class='ocrx_word' id='word_1_249' title='bbox 581 1071 743 1102; x_wconf 84' lang='lat' dir='ltr'>tabellario</span> <span class='ocrx_word' id='word_1_250' title='bbox 773 1079 841 1101; x_wconf 88' lang='lat' dir='ltr'>eam</span> <span class='ocrx_word' id='word_1_251' title='bbox 871 1069 1038 1100; x_wconf 85' lang='lat' dir='ltr'>traditurus</span> <span class='ocrx_word' id='word_1_252' title='bbox 1060 1074 1143 1111; x_wconf 85' lang='lat' dir='ltr'>erat,</span> <span class='ocrx_word' id='word_1_253' title='bbox 1170 1073 1302 1102; x_wconf 86' lang='lat' dir='ltr'>exarata</span> <span class='ocrx_word' id='word_1_254' title='bbox 1322 1081 1397 1102; x_wconf 88' lang='lat' dir='ltr'>esse</span> <span class='ocrx_word' id='word_1_255' title='bbox 1418 1071 1577 1111; x_wconf 87' lang='lat' dir='ltr'>videatur,</span> <span class='ocrx_word' id='word_1_256' title='bbox 1605 1073 1739 1110; x_wconf 84' lang='lat' dir='ltr'>quatuor</span> <span class='ocrx_word' id='word_1_257' title='bbox 1766 1069 1835 1101; x_wconf 87' lang='lat' dir='ltr'>fere</span> 
     </span>
     <span class='ocr_line' id='line_1_22' title="bbox 148 1120 1833 1161; baseline -0.001 -9"><span class='ocrx_word' id='word_1_258' title='bbox 148 1120 388 1160; x_wconf 80' lang='lat' dir='ltr'>septimanarum</span> <span class='ocrx_word' id='word_1_259' title='bbox 407 1122 540 1161; x_wconf 90' lang='lat' dir='ltr'>spatium</span> <span class='ocrx_word' id='word_1_260' title='bbox 568 1122 650 1153; x_wconf 89' lang='lat' dir='ltr'>inter</span> <span class='ocrx_word' id='word_1_261' title='bbox 670 1123 829 1161; x_wconf 91' lang='lat' dir='ltr'>utramque</span> <span class='ocrx_word' id='word_1_262' title='bbox 854 1121 1037 1153; x_wconf 84' lang='lat' dir='ltr'>interfuerit.</span> <span class='ocrx_word' id='word_1_263' title='bbox 1078 1122 1159 1153; x_wconf 87' lang='lat' dir='ltr'>Hinc</span> <span class='ocrx_word' id='word_1_264' title='bbox 1186 1124 1288 1154; x_wconf 88' lang='lat' dir='ltr'>tamen</span> <span class='ocrx_word' id='word_1_265' title='bbox 1310 1131 1444 1154; x_wconf 90' lang='lat' dir='ltr'>necesse</span> <span class='ocrx_word' id='word_1_266' title='bbox 1465 1125 1517 1154; x_wconf 80' lang='lat' dir='ltr'>est</span> <span class='ocrx_word' id='word_1_267' title='bbox 1535 1122 1638 1154; x_wconf 77' lang='lat' dir='ltr'>altera</span> <span class='ocrx_word' id='word_1_268' title='bbox 1659 1124 1729 1153; x_wconf 86' lang='lat' dir='ltr'>utra</span> <span class='ocrx_word' id='word_1_269' title='bbox 1748 1120 1833 1152; x_wconf 83' lang='lat' dir='ltr'>diffi-</span> 
     </span>
     <span class='ocr_line' id='line_1_23' title="bbox 149 1171 1834 1212; baseline 0 -10"><span class='ocrx_word' id='word_1_270' title='bbox 149 1171 250 1203; x_wconf 82' lang='lat' dir='ltr'>cultas</span> <span class='ocrx_word' id='word_1_271' title='bbox 275 1172 461 1203; x_wconf 88' lang='lat' dir='ltr'>suboriatur.</span> <span class='ocrx_word' id='word_1_272' title='bbox 500 1173 631 1204; x_wconf 87' lang='lat' dir='ltr'>Miratur</span> <span class='ocrx_word' id='word_1_273' title='bbox 657 1173 737 1204; x_wconf 89' lang='lat' dir='ltr'>enim</span> <span class='ocrx_word' id='word_1_274' title='bbox 758 1172 869 1204; x_wconf 88' lang='lat' dir='ltr'>Cicero</span> <span class='ocrx_word' id='word_1_275' title='bbox 896 1182 946 1212; x_wconf 92' lang='lat' dir='ltr'>ep.</span> <span class='ocrx_word' id='word_1_276' title='bbox 966 1175 996 1210; x_wconf 76' lang='lat'>2,</span> <span class='ocrx_word' id='word_1_277' title='bbox 1024 1176 1087 1204; x_wconf 87' lang='lat' dir='ltr'>tam</span> <span class='ocrx_word' id='word_1_278' title='bbox 1112 1172 1163 1203; x_wconf 90' lang='lat' dir='ltr'>diu</span> <span class='ocrx_word' id='word_1_279' title='bbox 1188 1182 1225 1205; x_wconf 91' lang='lat' dir='ltr'>se</span> <span class='ocrx_word' id='word_1_280' title='bbox 1252 1173 1291 1204; x_wconf 91' lang='lat' dir='ltr'>ab</span> <span class='ocrx_word' id='word_1_281' title='bbox 1312 1174 1416 1204; x_wconf 83' lang='lat' dir='ltr'>Attico</span> <span class='ocrx_word' id='word_1_282' title='bbox 1437 1173 1512 1205; x_wconf 84' lang='lat' dir='ltr'>nihil</span> <span class='ocrx_word' id='word_1_283' title='bbox 1532 1173 1691 1205; x_wconf 88' lang='lat' dir='ltr'>literarum</span> <span class='ocrx_word' id='word_1_284' title='bbox 1711 1171 1834 1203; x_wconf 86' lang='lat' dir='ltr'>tulisse.</span> 
     </span>
     <span class='ocr_line' id='line_1_24' title="bbox 148 1223 1834 1265; baseline 0 -11"><span class='ocrx_word' id='word_1_285' title='bbox 148 1223 220 1255; x_wconf 86' lang='lat' dir='ltr'>Hoc</span> <span class='ocrx_word' id='word_1_286' title='bbox 239 1223 268 1254; x_wconf 88' lang='lat' dir='ltr'>si</span> <span class='ocrx_word' id='word_1_287' title='bbox 281 1224 353 1263; x_wconf 90' lang='lat' dir='ltr'>jure</span> <span class='ocrx_word' id='word_1_288' title='bbox 372 1224 510 1262; x_wconf 85' lang='lat' dir='ltr'>miratur,</span> <span class='ocrx_word' id='word_1_289' title='bbox 532 1224 602 1264; x_wconf 87' lang='lat' dir='ltr'>plus</span> <span class='ocrx_word' id='word_1_290' title='bbox 616 1233 708 1254; x_wconf 87' lang='lat' dir='ltr'>unam</span> <span class='ocrx_word' id='word_1_291' title='bbox 721 1223 821 1254; x_wconf 87' lang='lat' dir='ltr'>adhuc</span> <span class='ocrx_word' id='word_1_292' title='bbox 835 1223 996 1264; x_wconf 86' lang='lat' dir='ltr'>epistolam</span> <span class='ocrx_word' id='word_1_293' title='bbox 1010 1227 1198 1265; x_wconf 84' lang='lat' dir='ltr'>exspectare</span> <span class='ocrx_word' id='word_1_294' title='bbox 1218 1226 1342 1264; x_wconf 86' lang='lat' dir='ltr'>poterat</span> <span class='ocrx_word' id='word_1_295' title='bbox 1361 1225 1400 1254; x_wconf 88' lang='lat' dir='ltr'>ab</span> <span class='ocrx_word' id='word_1_296' title='bbox 1422 1225 1519 1255; x_wconf 86' lang='lat' dir='ltr'>amico</span> <span class='ocrx_word' id='word_1_297' title='bbox 1534 1233 1592 1255; x_wconf 90' lang='lat' dir='ltr'>suo</span> <span class='ocrx_word' id='word_1_298' title='bbox 1607 1228 1682 1256; x_wconf 88' lang='lat' dir='ltr'>ante</span> <span class='ocrx_word' id='word_1_299' title='bbox 1695 1233 1834 1255; x_wconf 87' lang='lat' dir='ltr'>mensem</span> 
     </span>
     <span class='ocr_line' id='line_1_25' title="bbox 148 1274 1833 1315; baseline 0.001 -9"><span class='ocrx_word' id='word_1_300' title='bbox 148 1275 338 1307; x_wconf 80' lang='lat' dir='ltr'>Jauuarium.</span> <span class='ocrx_word' id='word_1_301' title='bbox 380 1274 469 1306; x_wconf 89' lang='lat' dir='ltr'>Unde</span> <span class='ocrx_word' id='word_1_302' title='bbox 483 1276 573 1306; x_wconf 90' lang='lat' dir='ltr'>nobis</span> <span class='ocrx_word' id='word_1_303' title='bbox 594 1284 716 1315; x_wconf 91' lang='lat' dir='ltr'>quoque</span> <span class='ocrx_word' id='word_1_304' title='bbox 735 1276 807 1314; x_wconf 90' lang='lat' dir='ltr'>jure</span> <span class='ocrx_word' id='word_1_305' title='bbox 828 1277 935 1305; x_wconf 88' lang='lat' dir='ltr'>nostro</span> <span class='ocrx_word' id='word_1_306' title='bbox 954 1275 1056 1306; x_wconf 89' lang='lat' dir='ltr'>mirari</span> <span class='ocrx_word' id='word_1_307' title='bbox 1076 1275 1192 1315; x_wconf 85' lang='lat' dir='ltr'>licebit,</span> <span class='ocrx_word' id='word_1_308' title='bbox 1214 1278 1355 1307; x_wconf 83' lang='lat' dir='ltr'>extrema</span> <span class='ocrx_word' id='word_1_309' title='bbox 1380 1285 1448 1306; x_wconf 89' lang='lat' dir='ltr'>eum</span> <span class='ocrx_word' id='word_1_310' title='bbox 1462 1275 1597 1308; x_wconf 75' lang='lat' dir='ltr'>enistola</span> <span class='ocrx_word' id='word_1_311' title='bbox 1617 1275 1660 1306; x_wconf 88' lang='lat' dir='ltr'>ita</span> <span class='ocrx_word' id='word_1_312' title='bbox 1680 1275 1833 1315; x_wconf 82' lang='lat' dir='ltr'>scribere,</span> 
     </span>
     <span class='ocr_line' id='line_1_26' title="bbox 149 1325 1834 1367; baseline -0.001 -10"><span class='ocrx_word' id='word_1_313' title='bbox 149 1326 239 1367; x_wconf 82' lang='lat' dir='ltr'>quasi</span> <span class='ocrx_word' id='word_1_314' title='bbox 258 1334 321 1357; x_wconf 91' lang='lat' dir='ltr'>non</span> <span class='ocrx_word' id='word_1_315' title='bbox 343 1325 432 1356; x_wconf 86' lang='lat' dir='ltr'>aliam</span> <span class='ocrx_word' id='word_1_316' title='bbox 453 1328 526 1357; x_wconf 89' lang='lat' dir='ltr'>ante</span> <span class='ocrx_word' id='word_1_317' title='bbox 547 1325 713 1358; x_wconf 84' lang='lat' dir='ltr'>adventum</span> <span class='ocrx_word' id='word_1_318' title='bbox 732 1326 830 1366; x_wconf 91' lang='lat' dir='ltr'>ipsum</span> <span class='ocrx_word' id='word_1_319' title='bbox 850 1325 961 1365; x_wconf 74' lang='lat' dir='ltr'>Attici,</span> <span class='ocrx_word' id='word_1_320' title='bbox 983 1326 1014 1356; x_wconf 90' lang='lat' dir='ltr'>in</span> <span class='ocrx_word' id='word_1_321' title='bbox 1033 1326 1215 1357; x_wconf 86' lang='lat' dir='ltr'>Januarium</span> <span class='ocrx_word' id='word_1_322' title='bbox 1242 1336 1378 1358; x_wconf 84' lang='lat' dir='ltr'>mensem</span> <span class='ocrx_word' id='word_1_323' title='bbox 1409 1327 1622 1367; x_wconf 85' lang='lat' dir='ltr'>constitutum,</span> <span class='ocrx_word' id='word_1_324' title='bbox 1654 1328 1834 1367; x_wconf 83' lang='lat' dir='ltr'>exspectet,</span> 
     </span>
     <span class='ocr_line' id='line_1_27' title="bbox 148 1375 1834 1420; baseline -0.001 -11"><span class='ocrx_word' id='word_1_325' title='bbox 148 1386 249 1418; x_wconf 89' lang='lat' dir='ltr'>eoque</span> <span class='ocrx_word' id='word_1_326' title='bbox 269 1377 382 1420; x_wconf 85' lang='lat' dir='ltr'>magis,</span> <span class='ocrx_word' id='word_1_327' title='bbox 403 1379 488 1418; x_wconf 88' lang='lat' dir='ltr'>puto,</span> <span class='ocrx_word' id='word_1_328' title='bbox 512 1377 633 1418; x_wconf 83' lang='lat' dir='ltr'>licebit,</span> <span class='ocrx_word' id='word_1_329' title='bbox 655 1375 737 1417; x_wconf 86' lang='lat' dir='ltr'>quod</span> <span class='ocrx_word' id='word_1_330' title='bbox 756 1376 795 1408; x_wconf 92' lang='lat' dir='ltr'>de</span> <span class='ocrx_word' id='word_1_331' title='bbox 816 1377 944 1408; x_wconf 89' lang='lat' dir='ltr'>consilio</span> <span class='ocrx_word' id='word_1_332' title='bbox 965 1377 1016 1408; x_wconf 92' lang='lat' dir='ltr'>illo</span> <span class='ocrx_word' id='word_1_333' title='bbox 1036 1378 1165 1409; x_wconf 88' lang='lat' dir='ltr'>Romam</span> <span class='ocrx_word' id='word_1_334' title='bbox 1187 1376 1350 1418; x_wconf 87' lang='lat' dir='ltr'>veniendi,</span> <span class='ocrx_word' id='word_1_335' title='bbox 1372 1376 1452 1417; x_wconf 91' lang='lat' dir='ltr'>quod</span> <span class='ocrx_word' id='word_1_336' title='bbox 1473 1378 1598 1419; x_wconf 86' lang='lat' dir='ltr'>cepisse</span> <span class='ocrx_word' id='word_1_337' title='bbox 1619 1377 1754 1409; x_wconf 89' lang='lat' dir='ltr'>Atticum</span> <span class='ocrx_word' id='word_1_338' title='bbox 1774 1375 1834 1408; x_wconf 80' lang='lat' dir='ltr'>hac</span> 
     </span>
     <span class='ocr_line' id='line_1_28' title="bbox 149 1427 1833 1470; baseline -0.002 -8"><span class='ocrx_word' id='word_1_339' title='bbox 149 1428 284 1470; x_wconf 88' lang='lat' dir='ltr'>epistola</span> <span class='ocrx_word' id='word_1_340' title='bbox 304 1427 387 1470; x_wconf 87' lang='lat' dir='ltr'>dicit,</span> <span class='ocrx_word' id='word_1_341' title='bbox 408 1430 438 1460; x_wconf 92' lang='lat' dir='ltr'>in</span> <span class='ocrx_word' id='word_1_342' title='bbox 459 1428 561 1468; x_wconf 86' lang='lat' dir='ltr'>priore</span> <span class='ocrx_word' id='word_1_343' title='bbox 581 1428 651 1469; x_wconf 87' lang='lat' dir='ltr'>illa,</span> <span class='ocrx_word' id='word_1_344' title='bbox 673 1436 762 1468; x_wconf 90' lang='lat' dir='ltr'>quam</span> <span class='ocrx_word' id='word_1_345' title='bbox 782 1428 921 1468; x_wconf 86' lang='lat' dir='ltr'>proxime</span> <span class='ocrx_word' id='word_1_346' title='bbox 941 1428 1020 1459; x_wconf 89' lang='lat' dir='ltr'>banc</span> <span class='ocrx_word' id='word_1_347' title='bbox 1040 1430 1256 1461; x_wconf 87' lang='lat' dir='ltr'>antecessisse</span> <span class='ocrx_word' id='word_1_348' title='bbox 1277 1429 1425 1461; x_wconf 87' lang='lat' dir='ltr'>credibile</span> <span class='ocrx_word' id='word_1_349' title='bbox 1445 1431 1507 1470; x_wconf 83' lang='lat' dir='ltr'>est,</span> <span class='ocrx_word' id='word_1_350' title='bbox 1529 1438 1569 1460; x_wconf 92' lang='lat' dir='ltr'>ne</span> <span class='ocrx_word' id='word_1_351' title='bbox 1589 1429 1687 1460; x_wconf 85' lang='lat' dir='ltr'>verbo</span> <span class='ocrx_word' id='word_1_352' title='bbox 1708 1428 1833 1469; x_wconf 87' lang='lat' dir='ltr'>quidem</span> 
     </span>
     <span class='ocr_line' id='line_1_29' title="bbox 146 1475 1833 1521; baseline -0.002 -9"><span class='ocrx_word' id='word_1_353' title='bbox 146 1480 273 1512; x_wconf 72' lang='lat' dir='ltr'>monuit.</span> <span class='ocrx_word' id='word_1_354' title='bbox 313 1479 371 1511; x_wconf 91' lang='lat' dir='ltr'>Sin</span> <span class='ocrx_word' id='word_1_355' title='bbox 391 1488 466 1510; x_wconf 86' lang='lat' dir='ltr'>vero</span> <span class='ocrx_word' id='word_1_356' title='bbox 492 1478 566 1509; x_wconf 92' lang='lat' dir='ltr'>illud</span> <span class='ocrx_word' id='word_1_357' title='bbox 587 1478 684 1521; x_wconf 84' lang='lat' dir='ltr'>„Abs</span> <span class='ocrx_word' id='word_1_358' title='bbox 710 1481 742 1511; x_wconf 83' lang='lat' dir='ltr'>te</span> <span class='ocrx_word' id='word_1_359' title='bbox 769 1478 901 1515; x_wconf 77' lang='lat' dir='ltr'>tamdiu</span> <span class='ocrx_word' id='word_1_360' title='bbox 927 1478 1002 1509; x_wconf 87' lang='lat' dir='ltr'>nihil</span> <span class='ocrx_word' id='word_1_361' title='bbox 1021 1475 1230 1510; x_wconf 70' lang='lat' dir='ltr'>literarum2⁴⁴</span> <span class='ocrx_word' id='word_1_362' title='bbox 1258 1483 1291 1512; x_wconf 89' lang='lat' dir='ltr'>et</span> <span class='ocrx_word' id='word_1_363' title='bbox 1311 1479 1447 1521; x_wconf 79' lang='lat' dir='ltr'>„Quare</span> <span class='ocrx_word' id='word_1_364' title='bbox 1472 1480 1626 1511; x_wconf 84' lang='lat' dir='ltr'>Januario</span> <span class='ocrx_word' id='word_1_365' title='bbox 1645 1488 1770 1518; x_wconf 84' lang='lat' dir='ltr'>mense,</span> <span class='ocrx_word' id='word_1_366' title='bbox 1798 1481 1833 1518; x_wconf 82' lang='lat' dir='ltr'>nt</span> 
     </span>
     <span class='ocr_line' id='line_1_30' title="bbox 147 1528 1832 1573; baseline -0.001 -11"><span class='ocrx_word' id='word_1_367' title='bbox 147 1531 346 1571; x_wconf 88' lang='lat' dir='ltr'>constituisti,</span> <span class='ocrx_word' id='word_1_368' title='bbox 367 1539 459 1568; x_wconf 85' lang='lat' dir='ltr'>cura,</span> <span class='ocrx_word' id='word_1_369' title='bbox 481 1532 514 1560; x_wconf 88' lang='lat' dir='ltr'>ut</span> <span class='ocrx_word' id='word_1_370' title='bbox 534 1530 652 1561; x_wconf 85' lang='lat' dir='ltr'>Romae</span> <span class='ocrx_word' id='word_1_371' title='bbox 672 1528 762 1570; x_wconf 78' lang='lat' dir='ltr'>sis,‘&#39;‘</span> <span class='ocrx_word' id='word_1_372' title='bbox 787 1529 827 1560; x_wconf 91' lang='lat' dir='ltr'>ad</span> <span class='ocrx_word' id='word_1_373' title='bbox 847 1531 1015 1560; x_wconf 85' lang='lat' dir='ltr'>extremum</span> <span class='ocrx_word' id='word_1_374' title='bbox 1043 1539 1100 1560; x_wconf 89' lang='lat' dir='ltr'>nos</span> <span class='ocrx_word' id='word_1_375' title='bbox 1121 1540 1232 1561; x_wconf 86' lang='lat' dir='ltr'>annum</span> <span class='ocrx_word' id='word_1_376' title='bbox 1252 1532 1387 1573; x_wconf 85' lang='lat' dir='ltr'>rejiciat,</span> <span class='ocrx_word' id='word_1_377' title='bbox 1408 1534 1471 1561; x_wconf 87' lang='lat' dir='ltr'>tum</span> <span class='ocrx_word' id='word_1_378' title='bbox 1491 1530 1616 1561; x_wconf 83' lang='lat' dir='ltr'>difficile</span> <span class='ocrx_word' id='word_1_379' title='bbox 1636 1530 1747 1571; x_wconf 89' lang='lat' dir='ltr'>fuerit,</span> <span class='ocrx_word' id='word_1_380' title='bbox 1773 1538 1832 1561; x_wconf 79' lang='lat' dir='ltr'>eas</span> 
     </span>
     <span class='ocr_line' id='line_1_31' title="bbox 147 1579 1256 1622; baseline -0.002 -8"><span class='ocrx_word' id='word_1_381' title='bbox 147 1584 288 1614; x_wconf 89' lang='lat' dir='ltr'>rationes</span> <span class='ocrx_word' id='word_1_382' title='bbox 309 1584 456 1613; x_wconf 88' lang='lat' dir='ltr'>evertere</span> <span class='ocrx_word' id='word_1_383' title='bbox 477 1590 557 1621; x_wconf 88' lang='lat' dir='ltr'>quae</span> <span class='ocrx_word' id='word_1_384' title='bbox 579 1581 618 1612; x_wconf 90' lang='lat' dir='ltr'>de</span> <span class='ocrx_word' id='word_1_385' title='bbox 637 1590 745 1612; x_wconf 86' lang='lat' dir='ltr'>mense</span> <span class='ocrx_word' id='word_1_386' title='bbox 765 1589 823 1610; x_wconf 91' lang='lat' dir='ltr'>nos</span> <span class='ocrx_word' id='word_1_387' title='bbox 843 1579 958 1611; x_wconf 89' lang='lat' dir='ltr'>Sextili</span> <span class='ocrx_word' id='word_1_388' title='bbox 979 1582 1120 1622; x_wconf 82' lang='lat' dir='ltr'>cogitare</span> <span class='ocrx_word' id='word_1_389' title='bbox 1134 1583 1256 1621; x_wconf 87' lang='lat' dir='ltr'>jubent.</span> 
     </span>
    </p>

    <p class='ocr_par' dir='ltr' id='par_1_4' title="bbox 144 1631 1832 2076">
     <span class='ocr_line' id='line_1_32' title="bbox 287 1631 1831 1675; baseline -0.001 -12"><span class='ocrx_word' id='word_1_390' title='bbox 287 1632 422 1673; x_wconf 82' lang='lat' dir='ltr'>Reliqua</span> <span class='ocrx_word' id='word_1_391' title='bbox 442 1631 574 1673; x_wconf 88' lang='lat' dir='ltr'>denique</span> <span class='ocrx_word' id='word_1_392' title='bbox 601 1631 765 1664; x_wconf 84' lang='lat' dir='ltr'>difficultas</span> <span class='ocrx_word' id='word_1_393' title='bbox 786 1633 852 1672; x_wconf 85' lang='lat' dir='ltr'>est,</span> <span class='ocrx_word' id='word_1_394' title='bbox 880 1631 961 1672; x_wconf 90' lang='lat' dir='ltr'>quod</span> <span class='ocrx_word' id='word_1_395' title='bbox 986 1631 1133 1674; x_wconf 89' lang='lat' dir='ltr'>eundem,</span> <span class='ocrx_word' id='word_1_396' title='bbox 1162 1642 1251 1674; x_wconf 92' lang='lat' dir='ltr'>quem</span> <span class='ocrx_word' id='word_1_397' title='bbox 1278 1633 1381 1674; x_wconf 92' lang='lat' dir='ltr'>paullo</span> <span class='ocrx_word' id='word_1_398' title='bbox 1409 1635 1503 1665; x_wconf 87' lang='lat' dir='ltr'>antea</span> <span class='ocrx_word' id='word_1_399' title='bbox 1530 1633 1686 1675; x_wconf 83' lang='lat' dir='ltr'>negasset</span> <span class='ocrx_word' id='word_1_400' title='bbox 1713 1633 1831 1664; x_wconf 88' lang='lat' dir='ltr'>certum</span> 
     </span>
     <span class='ocr_line' id='line_1_33' title="bbox 145 1682 1831 1727; baseline -0.003 -8"><span class='ocrx_word' id='word_1_401' title='bbox 145 1686 213 1720; x_wconf 88' lang='lat' dir='ltr'>fore</span> <span class='ocrx_word' id='word_1_402' title='bbox 234 1684 480 1727; x_wconf 86' lang='lat' dir='ltr'>competitorem,</span> <span class='ocrx_word' id='word_1_403' title='bbox 501 1683 561 1716; x_wconf 89' lang='lat' dir='ltr'>nisi</span> <span class='ocrx_word' id='word_1_404' title='bbox 580 1682 706 1716; x_wconf 89' lang='lat' dir='ltr'>meridie</span> <span class='ocrx_word' id='word_1_405' title='bbox 727 1690 788 1713; x_wconf 89' lang='lat' dir='ltr'>non</span> <span class='ocrx_word' id='word_1_406' title='bbox 807 1682 912 1715; x_wconf 88' lang='lat' dir='ltr'>lucere</span> <span class='ocrx_word' id='word_1_407' title='bbox 926 1682 1096 1724; x_wconf 78' lang='lat' dir='ltr'>Judicatnm</span> <span class='ocrx_word' id='word_1_408' title='bbox 1116 1687 1221 1727; x_wconf 89' lang='lat' dir='ltr'>esset,</span> <span class='ocrx_word' id='word_1_409' title='bbox 1243 1693 1324 1716; x_wconf 91' lang='lat' dir='ltr'>nunc</span> <span class='ocrx_word' id='word_1_410' title='bbox 1344 1684 1437 1725; x_wconf 84' lang='lat' dir='ltr'>plane</span> <span class='ocrx_word' id='word_1_411' title='bbox 1457 1692 1519 1715; x_wconf 90' lang='lat' dir='ltr'>non</span> <span class='ocrx_word' id='word_1_412' title='bbox 1538 1683 1659 1716; x_wconf 83' lang='lat' dir='ltr'>dubitat</span> <span class='ocrx_word' id='word_1_413' title='bbox 1678 1683 1831 1725; x_wconf 86' lang='lat' dir='ltr'>competi-</span> 
     </span>
     <span class='ocr_line' id='line_1_34' title="bbox 146 1735 1831 1777; baseline -0.003 -7"><span class='ocrx_word' id='word_1_414' title='bbox 146 1741 244 1770; x_wconf 88' lang='lat' dir='ltr'>torem</span> <span class='ocrx_word' id='word_1_415' title='bbox 263 1746 351 1768; x_wconf 86' lang='lat' dir='ltr'>suum</span> <span class='ocrx_word' id='word_1_416' title='bbox 370 1745 496 1767; x_wconf 75' lang='lat' dir='ltr'>vocare.</span> <span class='ocrx_word' id='word_1_417' title='bbox 530 1736 577 1766; x_wconf 89' lang='lat' dir='ltr'>Ac</span> <span class='ocrx_word' id='word_1_418' title='bbox 597 1736 692 1766; x_wconf 87' lang='lat' dir='ltr'>statui</span> <span class='ocrx_word' id='word_1_419' title='bbox 708 1743 786 1765; x_wconf 89' lang='lat' dir='ltr'>sane</span> <span class='ocrx_word' id='word_1_420' title='bbox 802 1735 913 1776; x_wconf 85' lang='lat' dir='ltr'>possit,</span> <span class='ocrx_word' id='word_1_421' title='bbox 935 1738 1096 1776; x_wconf 86' lang='lat' dir='ltr'>postquam</span> <span class='ocrx_word' id='word_1_422' title='bbox 1117 1745 1198 1776; x_wconf 89' lang='lat' dir='ltr'>quae</span> <span class='ocrx_word' id='word_1_423' title='bbox 1219 1736 1250 1765; x_wconf 91' lang='lat' dir='ltr'>in</span> <span class='ocrx_word' id='word_1_424' title='bbox 1267 1737 1473 1777; x_wconf 88' lang='lat' dir='ltr'>sequentibus</span> <span class='ocrx_word' id='word_1_425' title='bbox 1484 1739 1679 1777; x_wconf 85' lang='lat' dir='ltr'>memoratur,</span> <span class='ocrx_word' id='word_1_426' title='bbox 1700 1736 1831 1775; x_wconf 82' lang='lat' dir='ltr'>rejectio</span> 
     </span>
     <span class='ocr_line' id='line_1_35' title="bbox 145 1786 1830 1827; baseline -0.003 -6"><span class='ocrx_word' id='word_1_427' title='bbox 145 1791 232 1821; x_wconf 86' lang='lat' dir='ltr'>facta</span> <span class='ocrx_word' id='word_1_428' title='bbox 250 1789 344 1820; x_wconf 83' lang='lat' dir='ltr'>suerit</span> <span class='ocrx_word' id='word_1_429' title='bbox 358 1787 503 1827; x_wconf 83' lang='lat' dir='ltr'>judicum,</span> <span class='ocrx_word' id='word_1_430' title='bbox 523 1796 621 1827; x_wconf 91' lang='lat' dir='ltr'>spem,</span> <span class='ocrx_word' id='word_1_431' title='bbox 647 1795 728 1826; x_wconf 86' lang='lat' dir='ltr'>quae</span> <span class='ocrx_word' id='word_1_432' title='bbox 748 1788 843 1816; x_wconf 89' lang='lat' dir='ltr'>antea</span> <span class='ocrx_word' id='word_1_433' title='bbox 862 1786 916 1816; x_wconf 83' lang='lat' dir='ltr'>vix</span> <span class='ocrx_word' id='word_1_434' title='bbox 935 1786 1044 1827; x_wconf 88' lang='lat' dir='ltr'>fuerit,</span> <span class='ocrx_word' id='word_1_435' title='bbox 1072 1796 1154 1817; x_wconf 88' lang='lat' dir='ltr'>nune</span> <span class='ocrx_word' id='word_1_436' title='bbox 1168 1789 1233 1826; x_wconf 88' lang='lat' dir='ltr'>jam</span> <span class='ocrx_word' id='word_1_437' title='bbox 1254 1787 1369 1827; x_wconf 88' lang='lat' dir='ltr'>fuisse,</span> <span class='ocrx_word' id='word_1_438' title='bbox 1395 1787 1481 1827; x_wconf 91' lang='lat' dir='ltr'>fore,</span> <span class='ocrx_word' id='word_1_439' title='bbox 1509 1791 1543 1817; x_wconf 88' lang='lat' dir='ltr'>ut</span> <span class='ocrx_word' id='word_1_440' title='bbox 1564 1787 1700 1818; x_wconf 82' lang='lat' dir='ltr'>Catilina</span> <span class='ocrx_word' id='word_1_441' title='bbox 1719 1786 1830 1816; x_wconf 85' lang='lat' dir='ltr'>absol-</span> 
     </span>
     <span class='ocr_line' id='line_1_36' title="bbox 146 1836 1830 1880; baseline -0.003 -7"><span class='ocrx_word' id='word_1_442' title='bbox 146 1842 283 1874; x_wconf 84' lang='lat' dir='ltr'>veretur.</span> <span class='ocrx_word' id='word_1_443' title='bbox 324 1838 406 1870; x_wconf 84' lang='lat' dir='ltr'>}linc</span> <span class='ocrx_word' id='word_1_444' title='bbox 426 1840 527 1870; x_wconf 88' lang='lat' dir='ltr'>autem</span> <span class='ocrx_word' id='word_1_445' title='bbox 549 1838 686 1879; x_wconf 88' lang='lat' dir='ltr'>etiamsi,</span> <span class='ocrx_word' id='word_1_446' title='bbox 708 1846 788 1878; x_wconf 88' lang='lat' dir='ltr'>quae</span> <span class='ocrx_word' id='word_1_447' title='bbox 809 1846 883 1869; x_wconf 89' lang='lat' dir='ltr'>esse</span> <span class='ocrx_word' id='word_1_448' title='bbox 903 1836 1026 1870; x_wconf 83' lang='lat' dir='ltr'>videtur</span> <span class='ocrx_word' id='word_1_449' title='bbox 1045 1837 1255 1880; x_wconf 80' lang='lat' dir='ltr'>repugnantia</span> <span class='ocrx_word' id='word_1_450' title='bbox 1274 1838 1355 1871; x_wconf 87' lang='lat' dir='ltr'>inter</span> <span class='ocrx_word' id='word_1_451' title='bbox 1374 1842 1536 1879; x_wconf 86' lang='lat' dir='ltr'>utrumque</span> <span class='ocrx_word' id='word_1_452' title='bbox 1555 1837 1671 1880; x_wconf 90' lang='lat' dir='ltr'>lucum,</span> <span class='ocrx_word' id='word_1_453' title='bbox 1692 1836 1830 1879; x_wconf 86' lang='lat' dir='ltr'>tollatur,</span> 
     </span>
     <span class='ocr_line' id='line_1_37' title="bbox 144 1887 1830 1930; baseline -0.002 -6"><span class='ocrx_word' id='word_1_454' title='bbox 144 1893 250 1924; x_wconf 84' lang='lat' dir='ltr'>tamen</span> <span class='ocrx_word' id='word_1_455' title='bbox 268 1890 322 1921; x_wconf 88' lang='lat' dir='ltr'>illa</span> <span class='ocrx_word' id='word_1_456' title='bbox 342 1889 442 1921; x_wconf 90' lang='lat' dir='ltr'>altera</span> <span class='ocrx_word' id='word_1_457' title='bbox 458 1888 589 1920; x_wconf 90' lang='lat' dir='ltr'>nondum</span> <span class='ocrx_word' id='word_1_458' title='bbox 604 1888 818 1930; x_wconf 85' lang='lat' dir='ltr'>compescitur,</span> <span class='ocrx_word' id='word_1_459' title='bbox 834 1887 915 1930; x_wconf 87' lang='lat' dir='ltr'>quod</span> <span class='ocrx_word' id='word_1_460' title='bbox 932 1889 1034 1928; x_wconf 90' lang='lat' dir='ltr'>priore</span> <span class='ocrx_word' id='word_1_461' title='bbox 1048 1888 1101 1920; x_wconf 85' lang='lat' dir='ltr'>illa</span> <span class='ocrx_word' id='word_1_462' title='bbox 1119 1889 1251 1929; x_wconf 89' lang='lat' dir='ltr'>epistola</span> <span class='ocrx_word' id='word_1_463' title='bbox 1268 1888 1307 1921; x_wconf 91' lang='lat' dir='ltr'>de</span> <span class='ocrx_word' id='word_1_464' title='bbox 1325 1889 1455 1921; x_wconf 88' lang='lat' dir='ltr'>consilio</span> <span class='ocrx_word' id='word_1_465' title='bbox 1475 1888 1662 1921; x_wconf 85' lang='lat' dir='ltr'>defendendi</span> <span class='ocrx_word' id='word_1_466' title='bbox 1674 1888 1830 1921; x_wconf 84' lang='lat' dir='ltr'>Catilinae</span> 
     </span>
     <span class='ocr_line' id='line_1_38' title="bbox 145 1939 1831 1982; baseline -0.001 -9"><span class='ocrx_word' id='word_1_467' title='bbox 145 1951 186 1974; x_wconf 89' lang='lat' dir='ltr'>ne</span> <span class='ocrx_word' id='word_1_468' title='bbox 206 1941 335 1974; x_wconf 91' lang='lat' dir='ltr'>verbum</span> <span class='ocrx_word' id='word_1_469' title='bbox 354 1940 474 1982; x_wconf 87' lang='lat' dir='ltr'>quidem</span> <span class='ocrx_word' id='word_1_470' title='bbox 495 1940 606 1981; x_wconf 86' lang='lat' dir='ltr'>emisit,</span> <span class='ocrx_word' id='word_1_471' title='bbox 627 1940 715 1981; x_wconf 86' lang='lat' dir='ltr'>immo</span> <span class='ocrx_word' id='word_1_472' title='bbox 737 1948 776 1971; x_wconf 90' lang='lat' dir='ltr'>ne</span> <span class='ocrx_word' id='word_1_473' title='bbox 797 1940 990 1982; x_wconf 82' lang='lat' dir='ltr'>cogitavisse</span> <span class='ocrx_word' id='word_1_474' title='bbox 1001 1939 1123 1980; x_wconf 89' lang='lat' dir='ltr'>quidem</span> <span class='ocrx_word' id='word_1_475' title='bbox 1142 1940 1275 1971; x_wconf 82' lang='lat' dir='ltr'>videtur.</span> <span class='ocrx_word' id='word_1_476' title='bbox 1305 1940 1356 1972; x_wconf 91' lang='lat' dir='ltr'>De</span> <span class='ocrx_word' id='word_1_477' title='bbox 1375 1940 1427 1970; x_wconf 90' lang='lat' dir='ltr'>illo</span> <span class='ocrx_word' id='word_1_478' title='bbox 1448 1948 1524 1970; x_wconf 87' lang='lat' dir='ltr'>vero</span> <span class='ocrx_word' id='word_1_479' title='bbox 1544 1940 1655 1980; x_wconf 89' lang='lat' dir='ltr'>prioris</span> <span class='ocrx_word' id='word_1_480' title='bbox 1676 1940 1831 1981; x_wconf 76' lang='lat' dir='ltr'>epistolae</span> 
     </span>
     <span class='ocr_line' id='line_1_39' title="bbox 144 1983 1832 2034; baseline -0.002 -10"><span class='ocrx_word' id='word_1_481' title='bbox 144 1993 214 2024; x_wconf 89' lang='lat' dir='ltr'>loco</span> <span class='ocrx_word' id='word_1_482' title='bbox 233 2002 325 2034; x_wconf 88' lang='lat' dir='ltr'>quum</span> <span class='ocrx_word' id='word_1_483' title='bbox 344 1993 375 2023; x_wconf 88' lang='lat' dir='ltr'>in</span> <span class='ocrx_word' id='word_1_484' title='bbox 396 1995 502 2033; x_wconf 86' lang='lat' dir='ltr'>partes</span> <span class='ocrx_word' id='word_1_485' title='bbox 522 1992 655 2023; x_wconf 90' lang='lat' dir='ltr'>abierint</span> <span class='ocrx_word' id='word_1_486' title='bbox 674 1983 863 2031; x_wconf 81' lang='lat' dir='ltr'>interpretes</span> <span class='ocrx_word' id='word_1_487' title='bbox 884 1990 1125 2033; x_wconf 87' lang='lat' dir='ltr'>diversissimas,</span> <span class='ocrx_word' id='word_1_488' title='bbox 1146 2000 1262 2031; x_wconf 79' lang='lat' dir='ltr'>operae</span> <span class='ocrx_word' id='word_1_489' title='bbox 1283 1992 1414 2031; x_wconf 88' lang='lat' dir='ltr'>pretium</span> <span class='ocrx_word' id='word_1_490' title='bbox 1434 1991 1542 2032; x_wconf 64' lang='lat' dir='ltr'>fuerit,</span> <span class='ocrx_word' id='word_1_491' title='bbox 1563 1991 1736 2032; x_wconf 82' lang='lat' dir='ltr'>explicare,</span> <span class='ocrx_word' id='word_1_492' title='bbox 1757 1990 1832 2031; x_wconf 89' lang='lat' dir='ltr'>quid</span> 
     </span>
     <span class='ocr_line' id='line_1_40' title="bbox 144 2043 514 2076; baseline -0.008 0"><span class='ocrx_word' id='word_1_493' title='bbox 144 2043 341 2076; x_wconf 76' lang='lat' dir='ltr'>statuendum</span> <span class='ocrx_word' id='word_1_494' title='bbox 361 2043 514 2075; x_wconf 79' lang='lat' dir='ltr'>videatur.</span> 
     </span>
    </p>

    <p class='ocr_par' dir='ltr' id='par_1_5' title="bbox 140 2091 1833 2293">
     <span class='ocr_line' id='line_1_41' title="bbox 286 2091 1832 2136; baseline -0.001 -10"><span class='ocrx_word' id='word_1_495' title='bbox 286 2093 432 2126; x_wconf 89' lang='lat' dir='ltr'>Codicum</span> <span class='ocrx_word' id='word_1_496' title='bbox 448 2091 643 2136; x_wconf 86' lang='lat' dir='ltr'>plurimorum</span> <span class='ocrx_word' id='word_1_497' title='bbox 661 2093 754 2125; x_wconf 87' lang='lat' dir='ltr'>lectio</span> <span class='ocrx_word' id='word_1_498' title='bbox 771 2095 837 2124; x_wconf 91' lang='lat' dir='ltr'>est:</span> <span class='ocrx_word' id='word_1_499' title='bbox 858 2091 1019 2135; x_wconf 89' lang='lat' dir='ltr'>„Catilina</span> <span class='ocrx_word' id='word_1_500' title='bbox 1038 2094 1066 2124; x_wconf 90' lang='lat' dir='ltr'>si</span> <span class='ocrx_word' id='word_1_501' title='bbox 1080 2092 1249 2134; x_wconf 87' lang='lat' dir='ltr'>judicatum</span> <span class='ocrx_word' id='word_1_502' title='bbox 1269 2094 1339 2134; x_wconf 91' lang='lat' dir='ltr'>erit,</span> <span class='ocrx_word' id='word_1_503' title='bbox 1360 2093 1487 2126; x_wconf 89' lang='lat' dir='ltr'>meridie</span> <span class='ocrx_word' id='word_1_504' title='bbox 1503 2102 1565 2125; x_wconf 90' lang='lat' dir='ltr'>non</span> <span class='ocrx_word' id='word_1_505' title='bbox 1584 2093 1704 2132; x_wconf 77' lang='lat' dir='ltr'>lucere,</span> <span class='ocrx_word' id='word_1_506' title='bbox 1724 2095 1832 2126; x_wconf 71' lang='lat' dir='ltr'>certus</span> 
     </span>
     <span class='ocr_line' id='line_1_42' title="bbox 144 2144 1832 2188; baseline -0.002 -8"><span class='ocrx_word' id='word_1_507' title='bbox 144 2148 205 2180; x_wconf 86' lang='lat' dir='ltr'>erit</span> <span class='ocrx_word' id='word_1_508' title='bbox 224 2145 439 2188; x_wconf 83' lang='lat' dir='ltr'>competitor.“</span> <span class='ocrx_word' id='word_1_509' title='bbox 481 2145 579 2186; x_wconf 82' lang='lat' dir='ltr'>Quam</span> <span class='ocrx_word' id='word_1_510' title='bbox 599 2146 763 2179; x_wconf 89' lang='lat' dir='ltr'>lectionem</span> <span class='ocrx_word' id='word_1_511' title='bbox 782 2145 939 2177; x_wconf 86' lang='lat' dir='ltr'>Manutius</span> <span class='ocrx_word' id='word_1_512' title='bbox 964 2146 1127 2178; x_wconf 87' lang='lat' dir='ltr'>verissime</span> <span class='ocrx_word' id='word_1_513' title='bbox 1148 2146 1318 2187; x_wconf 85' lang='lat' dir='ltr'>explicavit</span> <span class='ocrx_word' id='word_1_514' title='bbox 1337 2146 1396 2177; x_wconf 89' lang='lat' dir='ltr'>hoc</span> <span class='ocrx_word' id='word_1_515' title='bbox 1415 2145 1520 2177; x_wconf 89' lang='lat' dir='ltr'>modo:</span> <span class='ocrx_word' id='word_1_516' title='bbox 1549 2144 1619 2188; x_wconf 89' lang='lat' dir='ltr'>„Si</span> <span class='ocrx_word' id='word_1_517' title='bbox 1639 2155 1659 2177; x_wconf 80' lang='lat' dir='ltr'>a</span> <span class='ocrx_word' id='word_1_518' title='bbox 1673 2144 1832 2186; x_wconf 76' lang='lat' dir='ltr'>jndicibus</span> 
     </span>
     <span class='ocr_line' id='line_1_43' title="bbox 145 2196 1833 2241; baseline -0.002 -10"><span class='ocrx_word' id='word_1_519' title='bbox 145 2198 329 2231; x_wconf 77' lang='lat' dir='ltr'>absolvetur</span> <span class='ocrx_word' id='word_1_520' title='bbox 350 2197 500 2241; x_wconf 87' lang='lat' dir='ltr'>Catilina,</span> <span class='ocrx_word' id='word_1_521' title='bbox 529 2206 616 2230; x_wconf 85' lang='lat' dir='ltr'>meus</span> <span class='ocrx_word' id='word_1_522' title='bbox 637 2197 696 2230; x_wconf 89' lang='lat' dir='ltr'>erit</span> <span class='ocrx_word' id='word_1_523' title='bbox 722 2197 754 2228; x_wconf 92' lang='lat' dir='ltr'>in</span> <span class='ocrx_word' id='word_1_524' title='bbox 774 2197 936 2228; x_wconf 88' lang='lat' dir='ltr'>consulatu</span> <span class='ocrx_word' id='word_1_525' title='bbox 963 2197 1154 2239; x_wconf 91' lang='lat' dir='ltr'>competitor.</span> <span class='ocrx_word' id='word_1_526' title='bbox 1193 2198 1271 2228; x_wconf 88' lang='lat' dir='ltr'>Erat</span> <span class='ocrx_word' id='word_1_527' title='bbox 1292 2197 1372 2229; x_wconf 91' lang='lat' dir='ltr'>enim</span> <span class='ocrx_word' id='word_1_528' title='bbox 1391 2205 1466 2229; x_wconf 88' lang='lat' dir='ltr'>reus</span> <span class='ocrx_word' id='word_1_529' title='bbox 1486 2196 1725 2238; x_wconf 85' lang='lat' dir='ltr'>repetundarum</span> <span class='ocrx_word' id='word_1_530' title='bbox 1751 2196 1833 2229; x_wconf 81' lang='lat' dir='ltr'>adeo</span> 
     </span>
     <span class='ocr_line' id='line_1_44' title="bbox 140 2248 1831 2293; baseline -0.002 -10"><span class='ocrx_word' id='word_1_531' title='bbox 140 2250 314 2283; x_wconf 87' lang='lat' dir='ltr'>manifestis</span> <span class='ocrx_word' id='word_1_532' title='bbox 334 2250 518 2293; x_wconf 82' lang='lat' dir='ltr'>criminibus,</span> <span class='ocrx_word' id='word_1_533' title='bbox 540 2251 575 2280; x_wconf 87' lang='lat' dir='ltr'>ut</span> <span class='ocrx_word' id='word_1_534' title='bbox 584 2259 652 2281; x_wconf 90' lang='lat' dir='ltr'>eum</span> <span class='ocrx_word' id='word_1_535' title='bbox 667 2248 810 2290; x_wconf 83' lang='lat' dir='ltr'>judicare</span> <span class='ocrx_word' id='word_1_536' title='bbox 829 2250 983 2280; x_wconf 85' lang='lat' dir='ltr'>insontem</span> <span class='ocrx_word' id='word_1_537' title='bbox 1002 2258 1092 2281; x_wconf 88' lang='lat' dir='ltr'>nemo</span> <span class='ocrx_word' id='word_1_538' title='bbox 1112 2252 1233 2290; x_wconf 85' lang='lat' dir='ltr'>posset,</span> <span class='ocrx_word' id='word_1_539' title='bbox 1255 2249 1315 2280; x_wconf 89' lang='lat' dir='ltr'>nisi</span> <span class='ocrx_word' id='word_1_540' title='bbox 1334 2248 1415 2280; x_wconf 90' lang='lat' dir='ltr'>idem</span> <span class='ocrx_word' id='word_1_541' title='bbox 1429 2248 1597 2290; x_wconf 78' lang='lat' dir='ltr'>¹judicaret,</span> <span class='ocrx_word' id='word_1_542' title='bbox 1618 2248 1747 2281; x_wconf 83' lang='lat' dir='ltr'>meridie</span> <span class='ocrx_word' id='word_1_543' title='bbox 1768 2257 1831 2280; x_wconf 87' lang='lat' dir='ltr'>non</span> 
     </span>
    </p>
   </div>
  </div>
 </body>
</html>
