1998 2542
142 127 314 166 temporum
334 134 428 167 esse,
464 133 527 156 non
547 124 698 156 bominum
719 125 854 166 ipsorum
875 134 913 156 ae
932 127 1138 166 patronorum.
1178 122 1229 153 Ex
1248 120 1357 153 eadem
1378 119 1519 151 oratione
1539 119 1670 159 apparet
1691 114 1764 159 (17,
1785 104 1855 146 aa*

141 174 222 219 50),
249 176 379 208 eundem
402 175 605 216 Ciceronem,
632 177 684 216 qui
705 185 888 216 quocunque
908 176 996 207 modo
1018 174 1193 207 Cluentium
1208 174 1272 213 jam
1293 180 1473 214 expurgare
1493 170 1638 201 studeret
1658 168 1835 199 criminibus

143 227 357 258 adversarium
390 227 543 267 quendam
572 227 709 258 Cluentii
742 230 834 258 antea
863 230 971 258 contra
1001 227 1081 257 hune
1108 224 1306 265 defendisse,
1341 224 1373 254 in
1398 231 1458 263 quo
1486 220 1552 252 fieri
1583 229 1645 251 non
1677 221 1833 260 potuerat,

143 278 217 319 quin
236 278 294 319 iis,
325 288 407 319 quae
427 278 458 309 in
480 277 668 310 Cluentiana
688 277 926 319 demonstravit,
959 286 1086 319 prorsus
1108 275 1263 307 contraria
1283 275 1419 307 afferret.
1460 271 1498 304 C.
1518 271 1701 312 Antonium,
1733 269 1833 302 colle-

143 338 218 374 gam
244 330 276 361 in
303 330 484 372 consulatu,
515 330 545 361 in
573 330 713 362 oratione
740 329 770 360 in
792 331 869 373 toga
890 328 1019 361 candida
1040 327 1239 372 gravissimis
1260 327 1408 359 conviciis
1428 323 1592 367 proscidit,
1623 322 1681 355 sed
1702 320 1834 354 eundem

144 384 248 414 tamen
270 384 302 414 et
323 384 418 413 antea
438 382 601 422 adjuverat
621 384 797 422 praeturam
818 383 975 421 petentem
997 378 1135 423 (Ascon.
1157 379 1196 410 ad
1217 388 1261 409 or.
1283 381 1314 409 in
1335 382 1402 421 tog.
1423 376 1512 408 caud.
1534 387 1564 417 p.
1584 373 1645 417 85]
1667 377 1699 406 et
1720 376 1833 414 postea

143 433 383 473 repetundarum
410 432 683 470 exMacedoniae
711 433 890 473 provinciae
918 432 1181 462 administratione
1208 440 1293 462 reum
1318 429 1473 471 defendit,
1512 427 1651 469 quamvis
1678 425 1834 457 scelerum

144 486 212 525 ejus
232 487 263 522 ¹)
295 485 415 516 minime
441 484 578 516 nescius.
620 484 781 514 Gravioris
808 484 899 515 etiam
928 482 1155 514 inconstantiae
1175 481 1249 523 fuit,
1284 480 1365 522 quod
1386 480 1502 512 Vatinii
1517 478 1555 523 ²)
1576 481 1688 520 postea
1709 478 1741 509 et
1763 476 1832 508 Ga-·

143 536 217 567 binii
231 534 269 578 ³)
290 538 439 577 patronus
465 535 603 575 exstitit,
635 535 746 575 quibus
773 543 813 565 ne
842 533 1006 565 Catilinam
1034 532 1155 574 quidem
1175 533 1277 563 acrius
1302 531 1397 563 antea
1418 532 1590 563 insectatus
1611 531 1709 561 esset.
1750 526 1832 567 Quid

145 588 226 629 quod
251 588 384 619 ambitus
412 586 560 626 quosdam
587 587 618 617 in
644 585 806 617 consulatu
828 585 962 625 petendo
990 587 1165 624 compertos
1186 583 1391 625 defensurus,
1423 582 1585 624 quaerenti
1608 581 1728 621 Attico,
1760 578 1832 620 quid

143 638 249 671 dicere
271 648 326 680 pro
347 638 385 668 iis
407 640 532 679 posset,
557 639 669 678 Jocose
690 634 757 668 fere
778 636 938 676 respondit
965 646 1033 678 „ne
1060 635 1162 667 vivam
1183 635 1211 665 si
1231 635 1307 666 scio.
1347 634 1383 666 ln
1403 634 1464 665 illis
1485 633 1606 675 quidem
1627 632 1726 663 tribus
1746 630 1833 667 libris

142 688 205 734 [de
226 689 328 733 orat.)
350 699 428 730 quos
449 692 481 720 tu
503 689 661 730 dilaudas,
693 698 754 719 non
775 687 921 728 reperio-'⁶
944 687 1000 727 (ad
1022 689 1087 718 Att.
1109 687 1166 727 lv,
1197 689 1244 718 16.
1266 686 1304 717 ad
1327 686 1365 725 Q.
1386 686 1423 717 fr.
1445 686 1509 727 ΙΙΙ,
1528 683 1582 728 3).
1623 683 1741 723 Quodsi
1762 683 1832 724 quis

142 742 239 785 igitur
265 742 315 773 vel
344 744 471 782 propter
498 740 751 780 inconstantiam,
782 749 872 780 quam
899 738 1030 771 defenso
1059 737 1195 770 Catilina
1220 738 1397 770 admisisset
1424 737 1553 778 Cicero,
1584 736 1636 769 vel
1662 734 1743 777 quod
1763 742 1831 777 reo,

142 793 194 833 qui
214 793 316 823 multis
338 792 507 823 nominibus
528 791 608 823 mule
629 791 759 832 audiret,
781 791 993 831 patrocinatus
1015 792 1113 832 esset,
1134 799 1199 821 rem
1219 790 1318 831 ipsam
1338 791 1437 821 minus
1457 788 1634 820 credibilem
1655 797 1730 820 esse
1751 796 1830 819 cen-

141 847 244 885 seret,
267 843 418 884 exemplis
439 843 500 873 illis
520 843 613 874 facile
634 842 839 874 refelleretur.

284 894 484 927 Fenestellae
511 897 543 926 et
563 894 691 925 Asconii
715 894 743 924 si
771 895 987 933 comparantur
1014 892 1095 923 inter
1115 901 1151 924 se
1172 892 1393 934 auctoritates,
1425 892 1525 925 altera
1551 892 1612 924 dici
1637 900 1699 923 non
1726 892 1832 931 potest

144 945 234 977 alteri
259 946 382 976 multum
403 947 577 986 praestare.
619 945 678 975 Est
699 953 777 975 sane
797 943 979 975 Fenestella
999 943 1152 983 antiquior
1172 943 1320 985 scriptor,
1349 952 1410 974 non
1431 944 1501 984 plus
1522 946 1625 975 tamen
1645 942 1759 985 viginti
1777 941 1831 973 vel

141 996 180 1026 ad
200 1006 346 1026 summum
374 997 502 1038 triginta
528 994 676 1036 annis,⁴)
708 1005 808 1035 eaque
836 1004 1018 1034 quamquam
1046 996 1152 1025 aetate
1173 994 1318 1034 vivebat,
1350 1004 1411 1034 qua
1438 994 1477 1026 de
1500 994 1654 1027 Cicerone
1674 994 1769 1025 multa
1789 993 1830 1024 ab

139 1047 178 1078 iis
198 1047 290 1088 ipsis,
312 1048 362 1088 qui
382 1048 477 1079 rebus
498 1048 566 1087 ejus
586 1046 817 1086 interfuissent,
846 1054 1042 1087 cognoscere
1063 1042 1231 1087 posset,⁵)
1252 1045 1437 1087 neglexisse
1459 1048 1563 1078 tamen
1584 1046 1677 1078 etiam
1696 1043 1830 1085 videtur,

140 1098 250 1139 quibus
271 1107 332 1129 non
353 1099 422 1130 sine
443 1098 541 1129 fructu
564 1107 639 1128 usus
660 1097 781 1128 fuisset.
822 1097 978 1127 Asconius
999 1099 1102 1128 autem
1123 1106 1213 1136 quum
1235 1106 1287 1127 res
1309 1098 1511 1140 potissimum,
1533 1107 1614 1138 quae
1634 1106 1691 1137 per
1712 1095 1831 1125 oratio-

139 1158 198 1180 nes
220 1148 381 1180 Ciceronis
402 1150 727 1188 commemorarentur,
761 1148 924 1178 bistoricas
939 1145 977 1189 θ)
999 1147 1203 1187 explicandas
1224 1148 1284 1178 sibi
1304 1149 1487 1190 sumsisset,
1521 1149 1579 1179 hoc
1600 1149 1668 1188 ipso
1690 1146 1831 1178 admoni-

139 1202 189 1231 tus
211 1203 278 1240 est,
311 1203 342 1231 ut
363 1200 457 1231 multa
477 1208 599 1240 quoque
620 1209 700 1240 quae
721 1198 914 1242 diligentiam
937 1198 1095 1242 fugissent
1122 1199 1249 1230 aliorum
1270 1199 1502 1241 historicorum,
1534 1200 1729 1231 examinaret
1749 1200 1782 1229 et
1798 1198 1832 1228 in

138 1251 238 1282 lucem
259 1251 463 1292 protraheret.
504 1251 539 1281 ln
567 1259 627 1290 quo
648 1259 710 1280 non
736 1252 853 1282 temere
875 1259 943 1281 eum
964 1253 1122 1281 versatum
1149 1260 1241 1293 esse,
1274 1260 1313 1282 ea
1333 1252 1402 1291 ipsa
1423 1253 1607 1293 argumento
1628 1253 1718 1291 sunt,
1750 1258 1832 1290 quae

139 1305 247 1333 contra
268 1303 494 1343 Fenestellam,
517 1311 577 1342 quo
598 1302 705 1333 facere
727 1311 787 1332 non
808 1304 948 1342 poterat,
971 1303 1043 1342 quin
1064 1311 1281 1342 nonnunquam
1303 1305 1431 1334 auctore
1453 1305 1603 1343 uteretur,
1624 1303 1743 1343 passim
1762 1310 1831 1331 mo-

137 1354 211 1384 nuit.
252 1353 308 1385 Sic
335 1354 373 1384 ad
402 1357 479 1384 orat.
500 1355 531 1384 in
551 1354 616 1384 Pis.
637 1364 667 1394 p.
690 1356 724 1395 ¹3
767 1354 978 1393 „Fenestella
998 1353 1120 1394 quidem
1141 1355 1245 1394 posuit
1266 1354 1346 1385 hanc
1366 1354 1447 1385 inter
1467 1363 1523 1385 eas
1545 1354 1721 1394 orationes,
1753 1362 1833 1393 quas

137 1405 214 1436 dixit
236 1405 347 1438 Cicero
368 1405 405 1436 L.
428 1405 559 1436 Domitio
580 1406 662 1446 App.
691 1404 822 1437 Claudio
850 1414 936 1437 cons.
963 1406 1107 1437 ultimam.
1148 1404 1215 1438 Sed
1244 1408 1276 1437 ut
1303 1415 1366 1449 ego
1394 1406 1433 1437 ab
1462 1415 1500 1438 eo
1528 1405 1727 1447 dissentiam,
1758 1404 1833 1436 facit

137 1458 279 1500 primum,
312 1456 392 1498 quod
415 1457 490 1490 Piso
509 1467 660 1489 reversus
681 1460 732 1489 est
753 1466 794 1489 ex
815 1458 975 1497 provincia
995 1458 1142 1498 Pompeio
1163 1460 1196 1489 et
1217 1457 1336 1489 Crasso
1358 1457 1554 1499 consulibus,
1590 1456 1742 1489 Gabinius
1762 1457 1831 1489 Do-

136 1509 218 1539 mitio
240 1511 272 1540 et
292 1509 410 1549 Appio,
441 1508 522 1539 hanc
543 1511 645 1541 autem
667 1509 839 1541 orationem
859 1508 971 1540 dict-am
998 1519 1073 1541 esse
1095 1512 1169 1542 ante
1191 1509 1316 1541 Gabinii
1335 1509 1465 1541 reditum
1486 1517 1528 1540 ex
1548 1509 1618 1549 ipsa
1637 1509 1832 1542 manifestum

137 1562 205 1600 est,
236 1560 349 1591 deinde
370 1560 451 1600 quod
472 1562 575 1602 magis
601 1561 743 1593 naturale
765 1563 832 1601 est,
865 1563 898 1591 ut
924 1562 992 1601 ipso
1013 1562 1134 1593 recenti
1154 1561 1254 1593 reditu
1275 1561 1419 1593 invectus
1439 1560 1481 1591 sit
1500 1559 1760 1601 responderitque
1780 1562 1831 1592 in-

136 1611 303 1642 sectationi
335 1611 419 1650 ejus,
451 1620 512 1651 qua
536 1614 705 1643 revocatus
731 1614 801 1644 erat
826 1621 868 1644 ex
892 1612 1053 1652 provincia
1073 1622 1164 1653 quam
1192 1615 1262 1653 post
1284 1612 1356 1643 anni
1376 1610 1605 1643 intervalluin.“
1648 1612 1714 1643 Csr.
1734 1622 1831 1653 prae-

137 1665 226 1695 terea
246 1661 285 1694 de
307 1661 375 1703 die,
398 1670 458 1703 quo
481 1661 610 1693 Clodius
631 1671 649 1693 a
669 1662 786 1695 Milone
806 1662 990 1695 interfectus
1011 1664 1068 1705 sit,
1092 1664 1142 1694 ubi
1163 1665 1234 1695 acta
1254 1663 1356 1705 magis
1377 1664 1409 1694 et
1429 1663 1527 1704 ipsam
1548 1663 1729 1705 orationem,
1751 1673 1833 1705 quae

134 1714 215 1744 actis
236 1717 444 1756 congrueret,
466 1723 557 1754 quam
577 1714 806 1756 Fenestellam,
828 1714 990 1754 sequenda
1011 1716 1148 1757 putavit,
1170 1725 1200 1755 p.
1220 1717 1277 1757 32,
1300 1715 1434 1755 denique
1456 1714 1495 1745 de
1516 1723 1597 1744 anno
1619 1716 1749 1757 aetatis,
1771 1725 1832 1756 quo

136 1764 174 1796 S.
193 1765 341 1796 Roscium
364 1764 476 1796 Cicero
498 1765 690 1807 defenderit,
714 1765 796 1798 Gell.
819 1766 894 1806 XV,
915 1767 965 1797 28.

279 1816 368 1848 Satis
388 1827 520 1860 gravem
541 1817 648 1859 igitur,
671 1818 721 1850 vel
740 1817 923 1850 Fenestella
944 1820 1031 1850 certe
1052 1826 1113 1848 non
1134 1818 1282 1850 leviorem
1303 1819 1459 1850 auctorem
1480 1816 1519 1849 de
1540 1816 1589 1848 his
1609 1818 1704 1850 rebus
1725 1818 1830 1851 Asco-

134 1868 216 1899 nium
236 1868 336 1901 fuisse
357 1871 454 1910 patet.
496 1868 659 1912 Singulari
685 1878 761 1901 vero
789 1869 875 1901 fonte
905 1879 979 1900 usus
1008 1871 1076 1911 est,
1111 1868 1150 1901 de
1171 1878 1231 1910 quo
1254 1878 1369 1910 operae
1390 1869 1520 1910 pretium
1541 1871 1608 1911 est,
1645 1870 1741 1901 verbo
1762 1879 1830 1901 mo-

134 1930 222 1952 nere.
262 1921 442 1951 Exstabant
470 1922 551 1951 enim
572 1922 701 1951 Asconii
726 1925 758 1953 et
786 1922 878 1961 paulo
905 1925 976 1961 post
1004 1923 1096 1953 etiam
1118 1921 1297 1960 Quintiliani
1325 1922 1515 1962 temporibus
1536 1931 1717 1963 causarum,
1752 1932 1831 1963 quos

214 2030 243 2058 l)
276 2037 315 2059 pr.
327 2031 425 2054 Flacco
442 2031 465 2060 2,
484 2032 507 2053 5.
525 2029 566 2059 38,
584 2030 622 2053 8³.
656 2036 694 2059 pr.
712 2030 800 2053 Sestio
817 2031 841 2060 3,
858 2031 880 2053 8.
899 2030 937 2053 13.
956 2031 987 2053 ad
1005 2030 1063 2053 farn.
1081 2030 1114 2059 V,
1132 2031 1155 2059 ³,
1174 2031 1197 2053 2.
1214 2031 1238 2060 3,
1256 2030 1279 2059 6,
1297 2030 1320 2053 3.
1338 2031 1369 2053 ad
1386 2031 1440 2053 Att.
1459 2030 1484 2059 l,
1503 2030 1541 2060 12,
1560 2031 1583 2053 1.
1601 2031 1624 2054 2.
1642 2031 1680 2060 ΙΙ,
1698 2032 1722 2062 2,
1739 2032 1765 2055 3.

214 2076 243 2102 2)
275 2077 363 2104 Aeg-re
379 2081 409 2098 se
426 2076 458 2098 de
474 2081 507 2098 eo
524 2075 668 2098 excusabat
685 2075 811 2104 Lentulm
834 2076 866 2098 ad
884 2076 942 2098 sam.
962 2075 987 2104 l,
1014 2075 1042 2104 9,
1068 2074 1082 2098 4
1099 2081 1138 2104 sq.
1155 2075 1187 2098 ad
1204 2074 1234 2103 Q.
1251 2075 1285 2098 fr.
1303 2074 1341 2104 11,
1366 2074 1409 2104 1⁶,
1431 2075 1454 2098 2.
1489 2074 1601 2099 Causam
1616 2076 1663 2100 ille
1680 2076 1782 2100 dicebat
1799 2078 1830 2100 de

276 2117 409 2142 eolalitiis.
442 2117 529 2141 schol.
547 2116 609 2139 Βοὴ.
627 2123 664 2145 pr.
682 2117 772 2141 Planc-
791 2124 814 2147 p.
832 2118 886 2141 262.

212 2162 241 2188 8)
274 2168 311 2189 pr.
329 2161 416 2184 Rabir.
434 2161 505 2183 Post.
523 2161 547 2188 8,
565 2159 604 2182 19.
623 2160 660 2188 12,
678 2161 717 2183 3³.
1697 2191 1699 2194 v

213 2204 241 2232 4)
274 2204 338 2228 Post
354 2204 467 2233 Augusti
485 2205 593 2227 mortem
612 2203 732 2232 scripsit:
751 2205 843 2234 fragm.
865 2204 899 2227 18,
917 2204 982 2227 Plin.
1000 2205 1030 2227 Η.
1048 2205 1079 2227 Ν.
1098 2204 1174 2235 Vlll,
1193 2204 1232 2234 48,
1250 2204 1290 2228 74.
1309 2205 1342 2229 cf.
1360 2206 1457 2230 Ascua.
1475 2213 1499 2235 p.
1518 2207 1549 2230 2⁷
1565 2207 1605 2231 ed.
1623 2206 1715 2230 Orelli.

212 2250 241 2276 ⁵)
274 2249 379 2278 Fragm.
396 2249 426 2271 2⁶
443 2255 484 2277 ap.
518 2247 649 2270 Plutarch.
669 2247 757 2271 Crass.
775 2255 798 2271 c.
816 2250 838 2271 5.

212 2292 240 2319 e)
273 2292 414 2315 Asconium
431 2291 567 2320 intelligo,
585 2297 658 2320 quem
676 2291 834 2320 Mauwigius
852 2291 1003 2321 vindicavit,
1021 2298 1072 2315 non
1090 2291 1349 2316 Pseudo-Asconium
1366 2293 1448 2323 illum,
1465 2294 1635 2318 verrinarum
1652 2295 1831 2324 interpretem.
