1998 2542
124 111 265 145 oratoria
284 112 365 142 arte.
405 109 521 142 Cicero
542 111 624 143 enim
643 111 725 152 quod
751 111 866 152 objecit
884 112 987 143 Mucio
1012 110 1176 153 Orestino,
1202 111 1272 152 qni,
1291 110 1385 151 cujus
1411 108 1572 146 consilium
1595 109 1627 140 in
1652 117 1713 141 sua
1738 110 1829 140 tur-

123 163 289 204 pissima
315 171 435 194 causa
454 161 624 205 delegerit,
646 163 727 195 hunc
743 163 1029 195 honestissimarum
1049 172 1151 195 rerum
1166 160 1365 194 defensorem
1379 161 1493 202 populo
1512 161 1654 192 Romano
1675 163 1709 191 ut
1722 170 1827 202 vrepn-

123 213 226 248 dim-et
246 215 357 246 auctor
376 212 487 254 fuerit,
517 222 572 245 cur
591 223 655 245 non
674 206 755 247 idem
776 215 913 254 objicere
933 214 1032 255 potuit
1053 213 1220 254 Catilinae,
1242 213 1330 252 cujus
1351 220 1449 244 causa
1467 211 1608 244 fortasse
1628 211 1709 244 haud
1729 211 1826 243 multo

123 265 243 306 turpior
261 259 400 296 fuisset?
418 265 533 305 Neque
553 264 677 296 nimium
696 267 800 297 tamen
816 265 873 297 hoc
886 273 1070 308 urgeamus,
1090 265 1179 296 immo
1196 262 1414 305 concedamus,
1433 263 1533 295 solum
1551 263 1708 296 silentium
1726 260 1827 295 Cice-

123 316 210 348 ronis
238 315 313 347 nihil
337 314 504 356 quidquam
534 314 575 346 ad
600 325 666 348 rem
692 315 800 348 facere
825 315 1066 360 profligandam,
1092 315 1182 346 modo
1207 315 1412 356 acquiescere
1437 324 1573 346 summus
1600 316 1707 346 orator
1733 314 1766 345 in
1786 322 1826 346 eo

121 368 248 400 silentio
268 367 433 398 voluisset.
474 367 608 399 Tantum
628 377 705 400 vero
726 369 853 409 aberat,
875 373 909 399 ut
928 371 1067 409 taceret,
1087 370 1121 398 ut
1133 367 1225 399 ,haud
1244 376 1345 408 pauca
1361 367 1533 411 proferret,
1553 376 1635 407 quae
1654 366 1825 406 turpissimi

123 418 216 449 istius
231 417 340 458 judicii
361 417 539 448 memoriam
558 417 826 462 redintegrarent.
866 417 922 450 Sic
936 419 1033 462 igitur
1051 429 1082 460 p.
1102 418 1157 448 85:
1178 417 1239 460 „ln
1247 417 1372 458 judiciis
1386 419 1505 459 quanta
1517 416 1567 448 vis
1588 418 1688 460 esset,
1709 415 1827 459 didicit,

125 469 194 511 (sc.
216 468 384 509 Catilina),
412 478 481 499 cum
507 471 559 500 est
574 470 765 499 absolutus:
790 470 819 499 si
844 473 898 499 aut
924 469 999 500 illud
1020 469 1182 509 judicium,
1210 471 1265 498 aut
1288 469 1343 499 illa
1369 469 1524 510 absolutio
1544 466 1732 498 nominanda
1748 465 1827 498 ese‘

125 531 156 561 p.
175 522 216 551 86
236 519 386 561 „diripuit
405 520 525 558 socios,
545 520 652 563 leges,
674 522 889 561 quaestiones,
905 521 1023 560 judicia
1042 521 1171 551 violavit
1179 519 1201 539 ⁴⁶
1222 531 1252 560 p.
1272 522 1313 552 87
1333 542 1355 561 „
1363 520 1444 558 Quid
1465 529 1544 561 ego,
1574 522 1608 549 ut
1633 518 1826 550 involaveris

123 570 330 613 provinciam,
354 566 558 612 praedicem?
588 571 670 608 Nam
697 572 732 602 ut
757 572 789 604 te
809 570 873 603 illic
892 571 1048 615 gesseris,
1070 580 1131 603 non
1152 569 1252 604 audeo
1272 569 1394 613 dicere,
1422 570 1566 612 quoniam
1593 568 1756 602 absolutus
1777 577 1826 602 es.

123 624 274 655 Mentitus
295 630 371 653 esse
392 622 516 662 equites
535 623 708 665 Romanos,
729 622 830 654 falsas
850 623 949 655 fuisse
970 622 1105 654 tabellas
1124 622 1366 655 honestissimae
1386 622 1523 654 civitatis
1544 622 1706 654 existimo:
1733 629 1826 652 men-

122 671 211 702 titum
225 671 264 710 Q.
277 672 439 704 Metellum
458 674 557 717 Pium,
577 675 738 707 mentitam
758 674 913 706 Africam:
933 674 1051 706 vidisse
1064 676 1139 715 puto
1153 675 1261 707 nescio
1282 674 1355 715 quid
1368 674 1439 705 illos
1446 673 1583 715 Judices,
1605 673 1658 714 qui
1676 675 1710 705 te
1730 673 1824 704 inno-

123 725 247 755 centem
260 723 451 764 judicarunt.
493 724 521 758 0
542 726 656 768 miser,
680 726 733 767 qui
752 735 815 758 non
835 726 957 758 sentias
976 725 1030 756 illo
1044 725 1161 765 judicio
1179 728 1211 758 te
1230 735 1292 757 non
1310 726 1496 767 absolutum,
1518 734 1625 757 verum
1638 723 1678 756 ad
1699 723 1826 765 aliquod

124 775 269 807 severius
282 775 433 816 judicium
453 787 492 809 ac
512 779 612 818 majus
633 777 817 818 supplicium
837 779 996 810 servatum
1004 773 1041 807 “!
1083 776 1220 808 Similia:
1241 787 1272 818 p.
1291 779 1342 808 89.
1361 778 1411 808 90.
1429 777 1480 808 9³.

267 826 453 861 Ciceronem
479 829 579 872 igitur
605 829 634 860 si
661 828 798 869 puditum
825 830 915 861 esset
938 827 1148 870 defensionis,
1175 836 1230 860 cur
1262 822 1438 870 attulisset,
1466 835 1672 869 quaecunque
1698 825 1825 859 tandem

124 887 258 919 causae,
281 889 372 919 quam
393 879 609 922 defendisset,
630 883 764 921 possent
783 880 927 911 invidiam
948 875 1095 922 augere?
1135 879 1216 918 Quid
1243 880 1323 912 enim
1344 880 1483 920 attinuit,
1504 889 1593 910 suum
1613 879 1712 919 ipsius
1732 879 1765 909 in
1785 887 1825 910 eo

123 938 236 960 nomen
257 932 384 971 tacere,
406 931 434 960 si
449 933 565 967 tamen,
586 940 649 961 non
670 931 763 962 alium
776 932 837 961 nisi
852 941 921 962 eum
934 932 1033 971 ipsum
1053 940 1179 962 causam
1192 931 1323 973 dixisse,
1343 925 1499 971 patebat?
1520 929 1658 961 Catilina
1671 929 1824 970 quomodo

122 991 160 1013 se
185 980 329 1024 gesserit
356 982 388 1013 in
412 983 591 1025 provincia,
620 993 683 1014 non
704 982 800 1016 audet
819 982 942 1025 dicere,
971 983 1113 1023 quoniam
1138 983 1300 1014 absolutus
1327 984 1386 1026 sit3
1413 982 1508 1014 nihilo
1535 983 1642 1014 secius
1666 985 1772 1015 tamen
1791 983 1825 1014 in

122 1033 329 1074 sequentibus
349 1034 648 1074 plane-incredibile
669 1045 746 1067 esse
774 1036 921 1075 affirmat,
947 1035 1091 1067 mentitos
1118 1045 1193 1067 esse
1220 1037 1267 1065 tot
1287 1037 1320 1066 et
1339 1037 1402 1066 tam
1421 1043 1543 1077 graves
1563 1036 1682 1076 testes,
1711 1034 1824 1075 quibus

121 1084 174 1117 ille
202 1085 365 1117 convictus
392 1084 497 1118 fuerit.
544 1083 627 1125 Quid
655 1085 738 1127 quod
765 1086 934 1118 orationem
961 1095 1029 1118 eam
1053 1084 1160 1117 habuit
1180 1085 1211 1117 in
1231 1087 1361 1128 senatu,
1388 1095 1407 1118 e
1435 1094 1496 1128 quo
1517 1085 1569 1127 qui
1596 1085 1671 1118 lecti
1694 1085 1727 1117 in
1746 1083 1823 1118 illud

117 1136 266 1176 Judicium
284 1137 421 1179 fuerant,
445 1136 612 1168 Catilinam
631 1146 740 1170 omnes
760 1133 1010 1170 damnaverant?

265 1188 317 1219 Ex
336 1188 396 1219 hac
417 1190 522 1220 autem
549 1189 690 1220 oratione
718 1189 799 1229 quod
827 1189 999 1231 colligitur,
1026 1188 1106 1220 idem
1134 1188 1215 1219 haud
1234 1189 1300 1220 scio
1321 1198 1362 1220 an
1382 1189 1497 1221 clarius
1518 1191 1611 1221 etiam
1631 1190 1785 1229 appareat
1805 1198 1824 1220 e

123 1239 191 1270 loco
214 1238 322 1278 Quinti
343 1236 508 1270 Ciceronis
529 1236 593 1282 [de
612 1241 680 1280 pet.
700 1248 788 1270 cons.
808 1240 838 1281 3,
861 1237 938 1283 10),
960 1240 1012 1281 qui
1031 1240 1152 1282 reliqua
1172 1242 1336 1282 postquam
1354 1239 1441 1271 vitia,
1451 1242 1484 1273 et
1504 1240 1645 1273 facinora
1666 1238 1823 1273 Catilinae

123 1290 390 1330 commemoravit,
413 1290 493 1322 haec
513 1290 616 1321 addit:
638 1289 752 1332 „Quid
773 1299 836 1333 ego
857 1299 938 1321 nunc
958 1291 1013 1321 tibi
1032 1291 1072 1322 de
1092 1291 1214 1333 Africa,
1241 1290 1313 1332 quid
1340 1290 1380 1322 de
1406 1292 1532 1323 testium
1551 1291 1643 1323 dictis
1664 1286 1823 1323 scribam?

123 1343 209 1373 Nota
230 1344 314 1383 sunt,
336 1344 369 1373 et
389 1351 429 1373 ea
448 1344 482 1372 tu
502 1341 632 1382 saepius
653 1342 764 1384 legito.
804 1340 873 1373 Sed
893 1344 996 1374 tamen
1016 1342 1074 1373 hoc
1093 1342 1165 1372 mihi
1184 1351 1245 1373 non
1258 1342 1564 1383 praetermittendum
1582 1342 1717 1385 videtur,
1739 1342 1823 1384 quod

123 1394 251 1434 primum
279 1401 321 1425 ex
349 1400 387 1424 eo
409 1391 526 1432 judicio
553 1394 617 1424 tam
644 1402 749 1436 egens
776 1392 941 1434 discessit,
970 1402 1061 1434 quam
1087 1392 1209 1433 quidam
1235 1393 1354 1433 judices
1380 1395 1449 1435 ejus
1476 1396 1551 1427 ante
1577 1393 1654 1426 illud
1673 1393 1823 1435 judicium

122 1444 266 1477 fuerunt:
293 1442 408 1476 deinde
434 1445 498 1475 tam
523 1443 715 1486 invidiosus,
743 1446 777 1475 ut
801 1444 884 1476 aliud
910 1444 942 1475 in
963 1454 1032 1476 eum
1053 1444 1200 1485 judicium
1220 1445 1356 1486 quotidie
1375 1444 1571 1490 flagitetur&
1611 1445 1823 1488 scriptionem

124 1497 206 1528 enim
227 1505 296 1528 eam
317 1505 409 1535 quum
429 1496 574 1535 privatim
594 1495 634 1526 ad
655 1496 783 1526 fratrem
803 1496 952 1538 misisset,
974 1497 1023 1527 cui
1042 1496 1115 1538 quid
1134 1497 1309 1529 faciendum
1329 1500 1418 1530 esset
1437 1498 1468 1528 in
1486 1497 1651 1529 consulatu
1670 1497 1822 1540 petendo,

123 1548 289 1588 suaderet,
312 1546 397 1576 nulla
420 1546 545 1578 videtur
569 1546 685 1589 religio
712 1547 829 1588 fuisse,
858 1548 1019 1588 quominus
1044 1548 1076 1579 in
1102 1551 1236 1581 mentem
1262 1548 1408 1590 quidquid
1434 1548 1593 1591 venisset,
1621 1549 1762 1593 ingenue
1789 1552 1823 1582 et

126 1601 238 1641 aperte
259 1600 470 1639 expromeret.
513 1596 670 1630 Catilinae
698 1600 803 1630 autem
830 1608 849 1630 a
872 1598 1026 1630 Cicerone
1053 1598 1175 1631 defensi
1201 1600 1286 1631 nulla
1311 1600 1435 1632 mentio.
1475 1599 1569 1632 Immo
1597 1599 1759 1644 admonet,
1790 1603 1824 1633 ut

122 1651 214 1693 legat
234 1650 382 1690 saepius,
414 1659 496 1689 quae
524 1649 564 1681 de
586 1649 694 1680 Africa
714 1652 747 1680 et
767 1650 808 1681 de
829 1651 955 1681 testium
979 1650 1070 1680 dictis
1090 1653 1165 1681 nota
1184 1651 1262 1691 sint,
1289 1651 1320 1681 id
1340 1651 1425 1691 quod
1451 1651 1611 1682 ridiculum
1635 1652 1767 1693 fuisset,
1795 1653 1823 1683 si

123 1701 251 1734 fratrem
272 1701 432 1744 cognitum
453 1700 618 1733 habuisset
639 1699 796 1733 Catilinae
817 1701 974 1733 adversus
996 1701 1184 1742 provinciam
1203 1711 1273 1734 eam
1293 1705 1326 1734 et
1345 1705 1449 1734 testes
1469 1702 1540 1734 illos
1560 1702 1711 1737 adfuisse.

265 1751 421 1792 Reliquus
442 1753 545 1783 antem
557 1751 648 1783 locus
669 1753 731 1792 est,
753 1751 816 1793 qui,
839 1752 866 1782 si
888 1752 958 1793 quis
972 1752 1064 1794 alius,
1085 1751 1205 1784 laudari
1225 1753 1264 1784 ab
1284 1753 1324 1784 iis
1339 1753 1451 1795 possit,
1473 1753 1525 1794 qui
1545 1752 1709 1787 defensum
1729 1755 1823 1789 Cati-

122 1804 216 1836 linam
237 1813 256 1835 a
277 1801 434 1836 Cicerone
455 1804 608 1835 statuunt.
648 1802 686 1834 ln
706 1803 848 1836 oratione
869 1804 950 1836 enim
970 1813 1026 1845 pro
1049 1802 1159 1837 Coelio
1177 1801 1231 1847 (b,
1252 1802 1306 1848 4),
1333 1805 1414 1838 hunc
1429 1807 1464 1838 ut
1488 1804 1706 1840 familiaritatis
1728 1806 1823 1841 Cati-

122 1855 206 1887 linae
228 1855 394 1895 opprobrio
416 1856 581 1898 purgaret,
600 1859 760 1887 commune
770 1854 830 1886 hoc
850 1855 879 1886 ei
899 1855 999 1888 fuisse
1019 1855 1162 1897 perhibet
1177 1865 1245 1888 cum
1261 1857 1364 1889 multis
1384 1860 1418 1891 et
1437 1867 1505 1890 cum
1525 1858 1709 1899 quibusdam
1729 1859 1823 1893 etiam

122 1907 224 1938 bonis.
267 1906 349 1948 „Me
370 1905 507 1948 ipsum,“'
528 1907 651 1949 pergit,
674 1916 768 1948 ‚,me,
788 1906 929 1947 inquam,
951 1906 1103 1947 quondam
1124 1917 1226 1948 paene
1251 1908 1305 1941 ille
1325 1908 1466 1952 decepit,
1488 1920 1580 1951 quum
1600 1912 1634 1943 et
1653 1911 1732 1942 civis
1751 1912 1824 1944 mihi

123 1958 238 1999 bonus,
266 1960 299 1988 et
319 1958 425 1998 optimi
445 1960 598 2000 quusque
618 1957 760 1999 cupidus,
788 1960 821 1989 et
841 1957 945 1988 firmus
966 1959 1083 1989 amicus
1103 1968 1142 1990 ac
1161 1959 1262 1992 fidelis
1282 1960 1457 1994 videretur:
1485 1963 1574 2003 cujus
1598 1971 1663 2006 ego
1682 1963 1825 1997 facinora

121 2009 223 2041 oculis
250 2010 337 2049 prius
363 2018 456 2049 quam
483 2010 647 2050 opinione,
681 2010 823 2040 manibus
857 2011 931 2041 ante
962 2019 1053 2050 quam
1079 2011 1258 2053 suspicione
1285 2012 1492 2054 deprehendi:
1527 2014 1615 2054 cujus
1640 2014 1673 2046 in
1696 2016 1825 2059 magnis

121 2061 261 2093 catervis
281 2061 447 2091 amicorum
468 2061 497 2091 si
517 2061 575 2091 fuit
595 2062 690 2093 etiam
711 2060 858 2103 Coelius,
879 2062 983 2104 magis
1003 2064 1072 2104 est,
1098 2065 1132 2094 ut
1151 2063 1222 2103 ipse
1240 2064 1374 2096 moleste
1393 2064 1493 2107 ferat,
1525 2074 1655 2098 errasse
1674 2075 1711 2098 se
1729 2067 1825 2099 sicuti

120 2121 342 2152 nonnunquam
368 2112 400 2143 in
431 2111 543 2144 eodem
570 2111 694 2144 homine
713 2122 773 2144 =me
807 2121 931 2152 quoque
962 2113 1078 2144 erroris
1102 2114 1163 2146 mei
1189 2115 1346 2155 poenitet,
1377 2125 1468 2155 quam
1494 2119 1529 2148 ut
1553 2117 1644 2148 istius
1669 2118 1824 2151 amicitiae

120 2163 238 2195 crimen
258 2161 475 2195 reformidet.⁶‘
516 2162 579 2194 Ubi
606 2162 688 2205 quod
703 2162 800 2205 ›dic-it,
829 2163 946 2196 erroris
970 2173 1009 2197 se
1034 2164 1084 2196 sui
1108 2163 1149 2198 de
1169 2164 1307 2199 Catilina
1331 2175 1550 2208 nonnunquam
1573 2168 1756 2211 poenitere,
1784 2170 1825 2202 ad

121 2214 218 2257 illam,
241 2223 324 2256 quae
344 2214 508 2246 serebatur
527 2224 548 2245 a
568 2214 768 2257 Fenestella,
795 2214 1010 2248 defensionem
1034 2216 1103 2258 ejus
1123 2215 1235 2249 referri
1254 2225 1369 2261 posse,
1390 2218 1460 2260 quis
1479 2219 1601 2263 neget?
1631 2218 1699 2254 Sed
1719 2223 1826 2262 potest

118 2268 250 2308 tantum,
271 2274 334 2296 non
353 2266 460 2298 debet.
501 2265 600 2296 Suum
621 2266 702 2297 enim
723 2275 860 2297 errorem
881 2276 950 2297 cum
971 2266 1072 2299 Coelii
1097 2268 1195 2300 errori
1221 2269 1373 2312 conferat,
1400 2270 1452 2311 qui
1477 2270 1686 2305 familiaritate
1705 2273 1824 2307 tantum
